ts,symbol,side,price,qty
1767631363388,SOLUSDT,B,135.16,283.741
1767631363388,SOLUSDT,B,135.15,61.937
1767631363388,SOLUSDT,A,135.17,136.95
1767631363388,SOLUSDT,A,135.2,640.168
1767631363398,BNBUSDT,B,904.86,1.954
1767631363398,BNBUSDT,B,904.85,0
1767631363398,BNBUSDT,B,904.84,0.013
1767631363398,BNBUSDT,B,903.15,4.924
1767631363398,BNBUSDT,A,904.87,30.676
1767631363398,BNBUSDT,A,904.94,1.922
1767631363400,ADAUSDT,A,0.4129,57443.1
1767631363407,BTCUSDT,B,93730.4,8.44952
1767631363407,BTCUSDT,B,93729.6,0
1767631363407,BTCUSDT,B,93728.5,0.00012
1767631363407,BTCUSDT,B,93728.5,2.32868
1767631363407,BTCUSDT,B,93728.1,0.00012
1767631363407,BTCUSDT,B,93727.9,0.03154
1767631363407,BTCUSDT,B,93726,0.02
1767631363407,BTCUSDT,B,93725,0.00012
1767631363407,BTCUSDT,B,93725,2.5602
1767631363407,BTCUSDT,B,93719.2,0
1767631363407,BTCUSDT,B,93719,0.9284
1767631363407,BTCUSDT,B,93719,0
1767631363407,BTCUSDT,B,93708.8,0
1767631363407,BTCUSDT,B,93706.9,0
1767631363407,BTCUSDT,B,93649.6,0
1767631363407,BTCUSDT,B,93601.7,0
1767631363407,BTCUSDT,B,93508,0
1767631363407,BTCUSDT,B,84357.4,0.00238
1767631363407,BTCUSDT,B,84357,0.00445
1767631363407,BTCUSDT,A,93730.4,0.59194
1767631363407,BTCUSDT,A,93730.5,0.00039
1767631363407,BTCUSDT,A,93732.2,6e-05
1767631363407,BTCUSDT,A,93733.2,0.00012
1767631363407,BTCUSDT,A,93733.9,0
1767631363407,BTCUSDT,A,93735.1,0.00037
1767631363407,BTCUSDT,A,93735.2,0
1767631363407,BTCUSDT,A,93735.2,0.00012
1767631363407,BTCUSDT,A,93736.8,0.0136
1767631363407,BTCUSDT,A,93736.9,0
1767631363407,BTCUSDT,A,93739.3,0
1767631363407,BTCUSDT,A,93739.3,0.00012
1767631363407,BTCUSDT,A,93742.8,0.00018
1767631363407,BTCUSDT,A,93742.8,0.05407
1767631363407,BTCUSDT,A,93743.3,0
1767631363407,BTCUSDT,A,93743.4,0.00012
1767631363407,BTCUSDT,A,93743.8,0.00012
1767631363407,BTCUSDT,A,93744.2,6e-05
1767631363407,BTCUSDT,A,93746.7,0.0242
1767631363407,BTCUSDT,A,93747,0
1767631363407,BTCUSDT,A,93747.3,0
1767631363407,BTCUSDT,A,93748.1,0
1767631363407,BTCUSDT,A,93748.5,0.005
1767631363407,BTCUSDT,A,93749.2,0.01
1767631363407,BTCUSDT,A,93750.4,0.02
1767631363407,BTCUSDT,A,93756.5,2.55996
1767631363407,BTCUSDT,A,93839.1,0
1767631363410,ETHUSDT,B,3179.43,33.2746
1767631363410,ETHUSDT,B,3179.34,0.0051
1767631363410,ETHUSDT,B,3179.33,0.0043
1767631363410,ETHUSDT,B,3179.32,0.0043
1767631363410,ETHUSDT,B,3179.15,0.0551
1767631363410,ETHUSDT,B,3179.12,0.0034
1767631363410,ETHUSDT,B,3178.12,2.5227
1767631363410,ETHUSDT,B,3178.05,0.498
1767631363410,ETHUSDT,B,3177.77,0
1767631363410,ETHUSDT,B,3177.72,1.5472
1767631363410,ETHUSDT,B,3177.61,0.1564
1767631363410,ETHUSDT,B,3177.35,0
1767631363410,ETHUSDT,B,3176.12,0
1767631363410,ETHUSDT,B,3164.01,0.3692
1767631363410,ETHUSDT,B,3163.53,0.098
1767631363410,ETHUSDT,B,3163.01,0
1767631363410,ETHUSDT,B,3153.66,0.0419
1767631363410,ETHUSDT,B,3147.71,0.1664
1767631363410,ETHUSDT,B,3131.97,0.008
1767631363410,ETHUSDT,B,3116.31,0.0106
1767631363410,ETHUSDT,B,3100.73,0.0098
1767631363410,ETHUSDT,B,3085.23,0.008
1767631363410,ETHUSDT,B,3069.8,0.008
1767631363410,ETHUSDT,B,2861.49,0.0273
1767631363410,ETHUSDT,A,3179.52,3.5678
1767631363410,ETHUSDT,A,3179.69,0
1767631363410,ETHUSDT,A,3179.72,3.2435
1767631363410,ETHUSDT,A,3179.73,4.2313
1767631363410,ETHUSDT,A,3179.76,1.08
1767631363410,ETHUSDT,A,3179.8,0.05
1767631363410,ETHUSDT,A,3179.85,0.0016
1767631363410,ETHUSDT,A,3180.06,1.387
1767631363410,ETHUSDT,A,3180.51,0.1592
1767631363410,ETHUSDT,A,3180.58,3.1505
1767631363410,ETHUSDT,A,3180.65,14.0356
1767631363410,ETHUSDT,A,3180.71,5.7142
1767631363410,ETHUSDT,A,3182.4,1.569
1767631363410,ETHUSDT,A,3182.53,5.2577
1767631363410,ETHUSDT,A,3195.34,0.0356
1767631363410,ETHUSDT,A,3211.32,0.008
1767631363410,ETHUSDT,A,3227.38,0.0099
1767631363410,ETHUSDT,A,3243.51,0.0126
1767631363410,ETHUSDT,A,3259.73,0.008
1767631363410,ETHUSDT,A,3276.03,0.0097
1767631363410,ETHUSDT,A,3292.41,0.0125
1767631363411,XRPUSDT,B,2.1815,24.6
1767631363411,XRPUSDT,B,2.1814,2541.2
1767631363411,XRPUSDT,B,2.1813,3898.7
1767631363411,XRPUSDT,B,2.1812,6724.3
1767631363411,XRPUSDT,B,2.1811,10581.7
1767631363411,XRPUSDT,B,2.1809,6816
1767631363411,XRPUSDT,B,2.1808,6892
1767631363411,XRPUSDT,B,2.1807,7540
1767631363411,XRPUSDT,B,2.1803,20575.1
1767631363411,XRPUSDT,B,2.1796,16835
1767631363411,XRPUSDT,B,2.1794,4611.3
1767631363411,XRPUSDT,B,2.1755,23998
1767631363411,XRPUSDT,B,2.1745,853.2
1767631363411,XRPUSDT,B,2.1743,1938.4
1767631363411,XRPUSDT,A,2.1816,15160
1767631363411,XRPUSDT,A,2.1817,5387.7
1767631363411,XRPUSDT,A,2.1818,7545.8
1767631363411,XRPUSDT,A,2.1819,6557.5
1767631363411,XRPUSDT,A,2.182,11910.9
1767631363411,XRPUSDT,A,2.1821,2984
1767631363411,XRPUSDT,A,2.1822,5027.2
1767631363411,XRPUSDT,A,2.1824,62364.6
1767631363411,XRPUSDT,A,2.1825,10864.4
1767631363411,XRPUSDT,A,2.1834,20470.3
1767631363411,XRPUSDT,A,2.1839,12137.9
1767631363411,XRPUSDT,A,2.1909,7462.7
1767631363548,DOTUSDT,A,2.181,8235.82
1767631363548,SOLUSDT,A,135.21,1701.18
1767631363548,SOLUSDT,A,135.26,1070.44
1767631363548,SOLUSDT,A,135.36,1382.42
1767631363549,LTCUSDT,B,82.98,3.395
1767631363549,BNBUSDT,B,904.86,1.948
1767631363549,BNBUSDT,B,904.84,1.742
1767631363549,BNBUSDT,A,904.87,28.676
1767631363549,BNBUSDT,A,904.92,8.775
1767631363550,ADAUSDT,B,0.4105,26690
1767631363550,ADAUSDT,B,0.4084,166106
1767631363550,ADAUSDT,B,0.4064,1424.8
1767631363550,ADAUSDT,B,0.4044,1688.5
1767631363550,ADAUSDT,B,0.4023,172.7
1767631363550,ADAUSDT,B,0.4003,1636
1767631363550,ADAUSDT,B,0.3983,120.5
1767631363550,ADAUSDT,B,0.3963,6785.4
1767631363550,ADAUSDT,A,0.4127,8670.3
1767631363550,ADAUSDT,A,0.4148,57781.9
1767631363550,ADAUSDT,A,0.4169,90386
1767631363550,ADAUSDT,A,0.419,11112.4
1767631363550,ADAUSDT,A,0.4211,260.9
1767631363550,ADAUSDT,A,0.4232,1362.7
1767631363550,ADAUSDT,A,0.4253,97.4
1767631363550,ADAUSDT,A,0.4274,1945.9
1767631363550,ADAUSDT,A,0.4295,203
1767631363552,BTCUSDT,B,93729.8,0.00271
1767631363552,BTCUSDT,B,93728.5,0
1767631363552,BTCUSDT,B,93728.5,2.32856
1767631363552,BTCUSDT,B,93728.5,0.58506
1767631363552,BTCUSDT,B,93728.1,0
1767631363552,BTCUSDT,B,93728,0.10686
1767631363552,BTCUSDT,B,93727.9,0.03166
1767631363552,BTCUSDT,B,93727.4,0.00262
1767631363552,BTCUSDT,B,93727,0.10686
1767631363552,BTCUSDT,B,93726,0.02012
1767631363552,BTCUSDT,B,93725,0
1767631363552,BTCUSDT,B,93725,2.56008
1767631363552,BTCUSDT,B,93724,0.01722
1767631363552,BTCUSDT,B,93719.4,0.00054
1767631363552,BTCUSDT,B,93719,1.88359
1767631363552,BTCUSDT,B,93719,3.19996
1767631363552,BTCUSDT,B,93719,0
1767631363552,BTCUSDT,B,93713,0.042
1767631363552,BTCUSDT,B,93706.7,0
1767631363552,BTCUSDT,B,93705.4,0.04267
1767631363552,BTCUSDT,B,93702.9,0
1767631363552,BTCUSDT,B,93702.3,0
1767631363552,BTCUSDT,B,93647.4,0.006
1767631363552,BTCUSDT,B,93601.7,0.00266
1767631363552,BTCUSDT,B,93508,0.00106
1767631363552,BTCUSDT,B,93408.9,0.00015
1767631363552,BTCUSDT,B,84357.4,0.00238
1767631363552,BTCUSDT,A,93730.4,0.25643
1767631363552,BTCUSDT,A,93730.5,0.00045
1767631363552,BTCUSDT,A,93732.6,0.00052
1767631363552,BTCUSDT,A,93733.2,6e-05
1767631363552,BTCUSDT,A,93734,0.00106
1767631363552,BTCUSDT,A,93735.2,0
1767631363552,BTCUSDT,A,93736,0.00106
1767631363552,BTCUSDT,A,93736.1,0.00313
1767631363552,BTCUSDT,A,93736.8,0.00012
1767631363552,BTCUSDT,A,93736.8,0.01372
1767631363552,BTCUSDT,A,93739.1,0.12226
1767631363552,BTCUSDT,A,93739.3,0
1767631363552,BTCUSDT,A,93742.8,0.05419
1767631363552,BTCUSDT,A,93743.4,0
1767631363552,BTCUSDT,A,93743.8,0.27
1767631363552,BTCUSDT,A,93744.2,0
1767631363552,BTCUSDT,A,93752.4,0
1767631363552,BTCUSDT,A,93755.9,1.81349
1767631363552,BTCUSDT,A,93758.6,0
1767631363552,BTCUSDT,A,93786,0
1767631363552,BTCUSDT,A,93791.1,0.00033
1767631363552,BTCUSDT,A,93830,0.1918
1767631363552,BTCUSDT,A,93879.9,0
1767631363552,BTCUSDT,A,93884.9,0.00013
1767631363552,BTCUSDT,A,93929.2,0
1767631363553,ETHUSDT,B,3179.43,34.73
1767631363553,ETHUSDT,B,3179.34,0.0017
1767631363553,ETHUSDT,B,3179.33,0.0017
1767631363553,ETHUSDT,B,3179.32,0.0017
1767631363553,ETHUSDT,B,3179.29,0.6071
1767631363553,ETHUSDT,B,3179.15,0.0577
1767631363553,ETHUSDT,B,3179.12,0
1767631363553,ETHUSDT,B,3178.69,0.766
1767631363553,ETHUSDT,B,3178.57,0.45
1767631363553,ETHUSDT,B,3178.37,3.199
1767631363553,ETHUSDT,B,3178.05,0.0048
1767631363553,ETHUSDT,B,3177.74,0.5033
1767631363553,ETHUSDT,B,3175.15,0
1767631363553,ETHUSDT,B,3175.01,1.986
1767631363553,ETHUSDT,B,3174.65,0.0048
1767631363553,ETHUSDT,B,3174.64,0
1767631363553,ETHUSDT,B,3148.29,0.0792
1767631363553,ETHUSDT,B,2861.49,0.0351
1767631363553,ETHUSDT,A,3180.05,1.225
1767631363553,ETHUSDT,A,3180.16,4.9925
1767631363553,ETHUSDT,A,3180.18,1.44
1767631363553,ETHUSDT,A,3180.49,3.77
1767631363553,ETHUSDT,A,3180.58,1.9355
1767631363553,ETHUSDT,A,3182.5,2.5348
1767631363553,ETHUSDT,A,3182.63,1.26
1767631363553,ETHUSDT,A,3182.64,1.215
1767631363553,ETHUSDT,A,3184.04,0.0016
1767631363553,ETHUSDT,A,3184.53,1.5704
1767631363555,XRPUSDT,B,2.1815,0
1767631363555,XRPUSDT,B,2.1814,0
1767631363555,XRPUSDT,B,2.1813,5701.9
1767631363555,XRPUSDT,B,2.1812,6719.6
1767631363555,XRPUSDT,B,2.1811,9643
1767631363555,XRPUSDT,B,2.181,3313.9
1767631363555,XRPUSDT,B,2.1809,2059.7
1767631363555,XRPUSDT,B,2.1807,7631.7
1767631363555,XRPUSDT,B,2.1806,23476.4
1767631363555,XRPUSDT,B,2.1805,3925.1
1767631363555,XRPUSDT,B,2.1804,9575.6
1767631363555,XRPUSDT,B,2.1803,20577.4
1767631363555,XRPUSDT,B,2.1801,3383.7
1767631363555,XRPUSDT,B,2.1795,46437.4
1767631363555,XRPUSDT,B,2.1789,26690.3
1767631363555,XRPUSDT,B,2.1786,6372
1767631363555,XRPUSDT,B,2.1785,10426.3
1767631363555,XRPUSDT,B,2.1784,17685.3
1767631363555,XRPUSDT,B,2.1742,2823.6
1767631363555,XRPUSDT,B,2.1738,243.5
1767631363555,XRPUSDT,B,2.1737,3085.5
1767631363555,XRPUSDT,A,2.1814,23933.4
1767631363555,XRPUSDT,A,2.1815,20325.9
1767631363555,XRPUSDT,A,2.1816,13812.7
1767631363555,XRPUSDT,A,2.1817,5629.6
1767631363555,XRPUSDT,A,2.1818,7133.4
1767631363555,XRPUSDT,A,2.1819,6555
1767631363555,XRPUSDT,A,2.182,9789.4
1767631363555,XRPUSDT,A,2.1821,8180.1
1767631363555,XRPUSDT,A,2.1822,13028.8
1767631363555,XRPUSDT,A,2.1824,59914.2
1767631363555,XRPUSDT,A,2.1825,9684.3
1767631363555,XRPUSDT,A,2.1826,18414.8
1767631363555,XRPUSDT,A,2.1827,24550
1767631363555,XRPUSDT,A,2.1832,1963.4
1767631363555,XRPUSDT,A,2.1833,12741.7
1767631363555,XRPUSDT,A,2.1839,13549.8
1767631363555,XRPUSDT,A,2.1842,4787.3
1767631363555,XRPUSDT,A,2.1845,807.2
1767631363555,XRPUSDT,A,2.1852,14496
1767631363555,XRPUSDT,A,2.1892,3866.1
1767631363565,DOTUSDT,A,2.179,3612.93
1767631363566,DOGEUSDT,B,0.14989,193226
1767631363566,DOGEUSDT,A,0.14991,19895
1767631363566,DOGEUSDT,A,0.14992,17156
1767631363566,DOGEUSDT,A,0.14993,47419
1767631363588,SOLUSDT,B,135.12,260.943
1767631363588,SOLUSDT,B,135.08,748.967
1767631363588,SOLUSDT,A,135.17,101.26
1767631363599,BNBUSDT,B,904.86,3.683
1767631363599,BNBUSDT,B,904.85,1.729
1767631363599,BNBUSDT,A,904.87,28.676
1767631363599,BNBUSDT,A,904.92,8.775
1767631363599,ADAUSDT,B,0.4107,317908
1767631363599,ADAUSDT,A,0.4127,1056.9
1767631363599,ADAUSDT,A,0.4129,57224.1
1767631363610,BTCUSDT,B,93730.4,8.45436
1767631363610,BTCUSDT,B,93729.5,0.00073
1767631363610,BTCUSDT,B,93728.1,0.03297
1767631363610,BTCUSDT,B,93728,0.00246
1767631363610,BTCUSDT,B,93727.9,0.00012
1767631363610,BTCUSDT,B,93726,0.02133
1767631363610,BTCUSDT,B,93725.5,6e-05
1767631363610,BTCUSDT,B,93704.6,0
1767631363610,BTCUSDT,B,93680.4,0
1767631363610,BTCUSDT,B,93261.8,0
1767631363610,BTCUSDT,B,92795.5,0
1767631363610,BTCUSDT,B,92331.5,0
1767631363610,BTCUSDT,B,91869.8,0
1767631363610,BTCUSDT,B,91410.5,0
1767631363610,BTCUSDT,B,90953.4,0
1767631363610,BTCUSDT,B,90498.7,0
1767631363610,BTCUSDT,B,90046.2,0
1767631363610,BTCUSDT,B,89595.9,0
1767631363610,BTCUSDT,B,89148,0
1767631363610,BTCUSDT,B,88702.2,0
1767631363610,BTCUSDT,B,88258.7,0
1767631363610,BTCUSDT,B,84357.4,0.00252
1767631363610,BTCUSDT,B,74984.4,0.00071
1767631363610,BTCUSDT,A,93730.4,0.06601
1767631363610,BTCUSDT,A,93730.5,0.00063
1767631363610,BTCUSDT,A,93733.8,0.00024
1767631363610,BTCUSDT,A,93734.8,0.03
1767631363610,BTCUSDT,A,93736.8,0
1767631363610,BTCUSDT,A,93736.8,0.00012
1767631363610,BTCUSDT,A,93738.3,0.12
1767631363610,BTCUSDT,A,93742.8,0.00012
1767631363610,BTCUSDT,A,93743.1,0.05455
1767631363610,BTCUSDT,A,93743.5,0.00012
1767631363610,BTCUSDT,A,93743.8,0.27012
1767631363610,BTCUSDT,A,93744.2,6e-05
1767631363610,BTCUSDT,A,93745.6,0.3521
1767631363610,BTCUSDT,A,93745.7,0
1767631363610,BTCUSDT,A,93746.7,0.00533
1767631363610,BTCUSDT,A,93748.5,0
1767631363610,BTCUSDT,A,93749.2,0
1767631363610,BTCUSDT,A,93749.9,0.005
1767631363610,BTCUSDT,A,93750.8,0.01
1767631363610,BTCUSDT,A,93750.9,0
1767631363610,BTCUSDT,A,93761.7,0
1767631363610,BTCUSDT,A,93762,0.0018
1767631363610,BTCUSDT,A,93772.8,0
1767631363610,BTCUSDT,A,93773.9,0
1767631363610,BTCUSDT,A,93775.1,0.002
1767631363610,BTCUSDT,A,93776.1,0.01009
1767631363610,BTCUSDT,A,93776.4,0
1767631363610,BTCUSDT,A,93781.9,0
1767631363610,BTCUSDT,A,93798.3,0
1767631363610,BTCUSDT,A,93798.6,0
1767631363610,BTCUSDT,A,93805.9,0.08731
1767631363610,BTCUSDT,A,93817,0
1767631363610,BTCUSDT,A,93817.3,0
1767631363610,BTCUSDT,A,93834.1,0
1767631363610,BTCUSDT,A,93843.4,0
1767631363610,BTCUSDT,A,93939.3,0.19001
1767631363610,BTCUSDT,A,93953.6,0
1767631363610,BTCUSDT,A,93954.3,0
1767631363610,BTCUSDT,A,93986.8,0.04497
1767631363610,BTCUSDT,A,93987.2,0.04497
1767631363610,BTCUSDT,A,94092.2,0.00034
1767631363610,BTCUSDT,A,94115.4,0.03098
1767631363610,BTCUSDT,A,94199.1,8e-05
1767631363610,BTCUSDT,A,94670.1,0
1767631363610,BTCUSDT,A,95000,134.379
1767631363610,BTCUSDT,A,95143.4,0
1767631363610,BTCUSDT,A,95619.2,0
1767631363610,BTCUSDT,A,96097.3,0
1767631363610,BTCUSDT,A,96577.8,0
1767631363610,BTCUSDT,A,97060.6,0
1767631363610,BTCUSDT,A,97545.9,0
1767631363610,BTCUSDT,A,98033.7,0
1767631363610,BTCUSDT,A,98523.8,0
1767631363610,BTCUSDT,A,99016.5,0
1767631363610,BTCUSDT,A,99511.5,0.01
1767631363612,ETHUSDT,B,3179.43,37.9383
1767631363612,ETHUSDT,B,3179.15,0.0543
1767631363612,ETHUSDT,B,3178.18,0.4684
1767631363612,ETHUSDT,B,3178.16,0
1767631363612,ETHUSDT,B,3178.15,0.4964
1767631363612,ETHUSDT,B,3177.76,14.3034
1767631363612,ETHUSDT,B,3177.74,0.0101
1767631363612,ETHUSDT,B,3177.68,0.0032
1767631363612,ETHUSDT,B,3177.25,4.5848
1767631363612,ETHUSDT,B,3176.87,0
1767631363612,ETHUSDT,B,3176.66,0.0099
1767631363612,ETHUSDT,B,3176.19,6.5427
1767631363612,ETHUSDT,B,3175.65,0.0041
1767631363612,ETHUSDT,B,3174.63,0
1767631363612,ETHUSDT,B,3173.61,0
1767631363612,ETHUSDT,B,3172.59,0
1767631363612,ETHUSDT,B,3171.57,0
1767631363612,ETHUSDT,B,3170.55,0.0019
1767631363612,ETHUSDT,B,3169.53,0.0034
1767631363612,ETHUSDT,B,3168.52,0.5947
1767631363612,ETHUSDT,B,3167.5,0.0399
1767631363612,ETHUSDT,B,3166.48,0
1767631363612,ETHUSDT,B,3165.46,0.0041
1767631363612,ETHUSDT,B,3164.44,3.0281
1767631363612,ETHUSDT,B,3163.42,0
1767631363612,ETHUSDT,B,3162.41,0
1767631363612,ETHUSDT,B,3161.39,0.0098
1767631363612,ETHUSDT,B,3160.37,0.0021
1767631363612,ETHUSDT,B,3159.35,0
1767631363612,ETHUSDT,B,3158.33,0.2539
1767631363612,ETHUSDT,B,3157.31,0.17
1767631363612,ETHUSDT,B,3156.29,0.0103
1767631363612,ETHUSDT,B,3155.28,0
1767631363612,ETHUSDT,B,3154.26,0
1767631363612,ETHUSDT,B,3153.24,0.0111
1767631363612,ETHUSDT,B,3152.22,0.0154
1767631363612,ETHUSDT,B,3151.2,0.0022
1767631363612,ETHUSDT,B,3150.18,0.0024
1767631363612,ETHUSDT,B,3149.16,0
1767631363612,ETHUSDT,B,2861.49,0.039
1767631363612,ETHUSDT,A,3179.44,16.9945
1767631363612,ETHUSDT,A,3179.45,0.0102
1767631363612,ETHUSDT,A,3179.54,0.0517
1767631363612,ETHUSDT,A,3179.62,0.595
1767631363612,ETHUSDT,A,3179.67,0.0566
1767631363612,ETHUSDT,A,3179.72,3.0233
1767631363612,ETHUSDT,A,3179.77,3.4012
1767631363612,ETHUSDT,A,3179.81,0.0314
1767631363612,ETHUSDT,A,3179.82,20.1157
1767631363612,ETHUSDT,A,3179.83,1.885
1767631363612,ETHUSDT,A,3179.87,0.8
1767631363612,ETHUSDT,A,3180.08,0
1767631363612,ETHUSDT,A,3180.15,0.9502
1767631363612,ETHUSDT,A,3180.21,24.2468
1767631363612,ETHUSDT,A,3180.47,0.0016
1767631363612,ETHUSDT,A,3180.48,16.836
1767631363612,ETHUSDT,A,3180.6,0.1693
1767631363612,ETHUSDT,A,3180.74,0.16
1767631363612,ETHUSDT,A,3181.73,23.4279
1767631363612,ETHUSDT,A,3181.76,0.9493
1767631363612,ETHUSDT,A,3182.04,2.2185
1767631363612,ETHUSDT,A,3182.56,13.1694
1767631363612,ETHUSDT,A,3182.62,0.99
1767631363612,ETHUSDT,A,3182.78,15.7517
1767631363612,ETHUSDT,A,3183.79,0
1767631363612,ETHUSDT,A,3184.81,0
1767631363612,ETHUSDT,A,3185.83,0
1767631363612,ETHUSDT,A,3186.85,0.0016
1767631363612,ETHUSDT,A,3187.87,0
1767631363612,ETHUSDT,A,3188.89,16
1767631363612,ETHUSDT,A,3189.9,0
1767631363612,ETHUSDT,A,3190.92,0
1767631363612,ETHUSDT,A,3191.94,0
1767631363612,ETHUSDT,A,3192.96,0.0036
1767631363612,ETHUSDT,A,3193.98,0.0018
1767631363612,ETHUSDT,A,3195,7.9809
1767631363612,ETHUSDT,A,3196.02,0
1767631363612,ETHUSDT,A,3197.03,0
1767631363612,ETHUSDT,A,3198.05,0.0053
1767631363612,ETHUSDT,A,3199.07,0
1767631363612,ETHUSDT,A,3200.09,0
1767631363612,ETHUSDT,A,3201.11,0
1767631363612,ETHUSDT,A,3202.13,0
1767631363612,ETHUSDT,A,3203.14,0.0023
1767631363612,ETHUSDT,A,3204.16,0.0138
1767631363612,ETHUSDT,A,3205.18,0.0243
1767631363612,ETHUSDT,A,3206.2,0.2003
1767631363614,XRPUSDT,B,2.1813,11946.4
1767631363614,XRPUSDT,B,2.1811,8985.1
1767631363614,XRPUSDT,B,2.181,2712.4
1767631363614,XRPUSDT,B,2.1809,2057.2
1767631363614,XRPUSDT,B,2.1802,39161.3
1767631363614,XRPUSDT,B,2.1798,49938.2
1767631363614,XRPUSDT,B,2.1797,18637.8
1767631363614,XRPUSDT,A,2.1814,10843.6
1767631363614,XRPUSDT,A,2.1815,20330.9
1767631363614,XRPUSDT,A,2.1816,13821.2
1767631363614,XRPUSDT,A,2.1817,4647
1767631363614,XRPUSDT,A,2.1818,5014.4
1767631363614,XRPUSDT,A,2.1819,5612.4
1767631363614,XRPUSDT,A,2.1824,56422.8
1767631363614,XRPUSDT,A,2.1891,8795.1
1767631363614,XRPUSDT,A,2.1892,1057.5
1767631363614,XRPUSDT,A,2.1893,3995.5
1767631363614,XRPUSDT,A,2.1894,719.3
1767631363667,DOGEUSDT,B,0.1499,50610
1767631363667,DOGEUSDT,A,0.14991,19348
1767631363688,SOLUSDT,B,135.15,61.859
1767631363693,LTCUSDT,A,83.03,129.474
1767631363699,BNBUSDT,B,904.86,3.689
1767631363699,ADAUSDT,A,0.4127,921.4
1767631363712,BTCUSDT,B,93729.8,0.00271
1767631363712,BTCUSDT,B,93728.5,0.58506
1767631363712,BTCUSDT,B,93728.1,0.03309
1767631363712,BTCUSDT,B,93728,0.1068
1767631363712,BTCUSDT,B,93727.9,0
1767631363712,BTCUSDT,B,93694.9,0.03198
1767631363712,BTCUSDT,B,93662.1,0
1767631363712,BTCUSDT,B,93629.3,0
1767631363712,BTCUSDT,B,93596.4,0
1767631363712,BTCUSDT,B,93563.6,0
1767631363712,BTCUSDT,B,93543.3,0.00789
1767631363712,BTCUSDT,B,93535.5,0
1767631363712,BTCUSDT,B,93530.9,0
1767631363712,BTCUSDT,B,93530.8,0
1767631363712,BTCUSDT,B,93497.9,0
1767631363712,BTCUSDT,B,93465.1,0
1767631363712,BTCUSDT,B,93432.2,6e-05
1767631363712,BTCUSDT,B,93399.4,0
1767631363712,BTCUSDT,B,93366.6,0
1767631363712,BTCUSDT,B,93333.7,0
1767631363712,BTCUSDT,B,93300.9,0
1767631363712,BTCUSDT,B,93268,0.00478
1767631363712,BTCUSDT,B,93235.2,0
1767631363712,BTCUSDT,B,93202.4,0
1767631363712,BTCUSDT,B,93169.5,0
1767631363712,BTCUSDT,B,93136.7,0
1767631363712,BTCUSDT,B,93103.8,0
1767631363712,BTCUSDT,B,93071,0
1767631363712,BTCUSDT,B,93038.2,0
1767631363712,BTCUSDT,B,93005.3,0
1767631363712,BTCUSDT,B,92972.5,0
1767631363712,BTCUSDT,B,92939.6,0.0001
1767631363712,BTCUSDT,B,92906.8,0
1767631363712,BTCUSDT,B,92874,0
1767631363712,BTCUSDT,B,92841.1,0
1767631363712,BTCUSDT,B,92808.3,0
1767631363712,BTCUSDT,B,92775.4,0
1767631363712,BTCUSDT,B,92742.6,0
1767631363712,BTCUSDT,B,92709.8,0
1767631363712,BTCUSDT,B,92676.9,7e-05
1767631363712,BTCUSDT,B,84357.4,0.00252
1767631363712,BTCUSDT,B,74984.4,0.00045
1767631363712,BTCUSDT,A,93730.4,0.06613
1767631363712,BTCUSDT,A,93730.5,0.00069
1767631363712,BTCUSDT,A,93734.8,0.00012
1767631363712,BTCUSDT,A,93734.8,0.03044
1767631363712,BTCUSDT,A,93735.1,6e-05
1767631363712,BTCUSDT,A,93736,0.001
1767631363712,BTCUSDT,A,93736.8,0
1767631363712,BTCUSDT,A,93738.3,0.00012
1767631363712,BTCUSDT,A,93738.3,0.12012
1767631363712,BTCUSDT,A,93739.1,0.00018
1767631363712,BTCUSDT,A,93742.8,6e-05
1767631363712,BTCUSDT,A,93742.8,0
1767631363712,BTCUSDT,A,93743.1,0.00048
1767631363712,BTCUSDT,A,93743.1,0.00012
1767631363712,BTCUSDT,A,93743.5,0
1767631363712,BTCUSDT,A,93743.5,0
1767631363712,BTCUSDT,A,93743.6,0.0528
1767631363712,BTCUSDT,A,93743.8,0.27
1767631363712,BTCUSDT,A,93744.2,6e-05
1767631363712,BTCUSDT,A,93749.4,0.02241
1767631363712,BTCUSDT,A,93753.9,0
1767631363712,BTCUSDT,A,93756.4,0.00533
1767631363712,BTCUSDT,A,93760.6,0
1767631363712,BTCUSDT,A,93793.4,0
1767631363712,BTCUSDT,A,93826.3,0.0214
1767631363712,BTCUSDT,A,93859.1,0
1767631363712,BTCUSDT,A,93892,0
1767631363712,BTCUSDT,A,93924.8,0
1767631363712,BTCUSDT,A,93957.7,0
1767631363712,BTCUSDT,A,93962.5,0
1767631363712,BTCUSDT,A,93990.5,0
1767631363712,BTCUSDT,A,94023.3,0
1767631363712,BTCUSDT,A,94056.2,0
1767631363712,BTCUSDT,A,94089,0
1767631363712,BTCUSDT,A,94121.9,0
1767631363714,ETHUSDT,B,3179.43,37.9538
1767631363714,ETHUSDT,B,3179.23,0.8484
1767631363714,ETHUSDT,B,3179.22,2.8307
1767631363714,ETHUSDT,B,3179.13,0.0195
1767631363714,ETHUSDT,B,3175.94,4.3174
1767631363714,ETHUSDT,B,3159.09,0.2471
1767631363714,ETHUSDT,B,2861.49,0.0468
1767631363714,ETHUSDT,A,3179.44,17.786
1767631363714,ETHUSDT,A,3179.45,0.0119
1767631363714,ETHUSDT,A,3179.49,0.1633
1767631363714,ETHUSDT,A,3179.54,0.05
1767631363714,ETHUSDT,A,3180.56,0
1767631363714,ETHUSDT,A,3180.63,1.0816
1767631363714,ETHUSDT,A,3182,3.3281
1767631363714,ETHUSDT,A,3182.24,14.9127
1767631363714,ETHUSDT,A,3182.4,2.4168
1767631363714,ETHUSDT,A,3189.22,12.8242
1767631363768,DOGEUSDT,B,0.1499,38980
1767631363768,DOGEUSDT,B,0.14989,193242
1767631363768,DOGEUSDT,B,0.14984,235950
1767631363768,DOGEUSDT,B,0.14983,227755
1767631363768,DOGEUSDT,B,0.14982,78259
1767631363768,DOGEUSDT,A,0.14991,30732
1767631363768,DOGEUSDT,A,0.14992,25928
1767631363768,DOGEUSDT,A,0.14993,47403
1767631363788,SOLUSDT,B,135.16,294.993
1767631363788,SOLUSDT,A,135.17,51.545
1767631363788,SOLUSDT,A,135.2,640.246
1767631363788,SOLUSDT,A,135.21,1699.55
1767631363800,BNBUSDT,B,900.33,0.032
1767631363800,BNBUSDT,B,895.83,0.293
1767631363800,BNBUSDT,B,891.35,0.029
1767631363800,BNBUSDT,B,886.89,0.098
1767631363800,BNBUSDT,B,882.46,0.071
1767631363800,BNBUSDT,B,878.05,0.034
1767631363800,BNBUSDT,B,873.66,0.06
1767631363800,BNBUSDT,B,869.29,0.02
1767631363800,BNBUSDT,B,864.94,0.02
1767631363800,BNBUSDT,B,860.62,0.026
1767631363800,BNBUSDT,B,856.31,1.313
1767631363800,BNBUSDT,B,852.03,0.125
1767631363800,BNBUSDT,A,909.4,1.305
1767631363800,BNBUSDT,A,913.95,0.51
1767631363800,BNBUSDT,A,918.52,0.02
1767631363800,BNBUSDT,A,923.11,0.027
1767631363800,BNBUSDT,A,927.72,0.084
1767631363800,BNBUSDT,A,932.36,0.02
1767631363800,BNBUSDT,A,937.02,0.02
1767631363800,BNBUSDT,A,941.71,0.02
1767631363800,BNBUSDT,A,946.42,0.049
1767631363800,BNBUSDT,A,951.15,0.039
1767631363800,BNBUSDT,A,955.91,0.548
1767631363800,BNBUSDT,A,960.69,0.026
1767631363800,ADAUSDT,A,0.4129,57443.1
1767631363809,BTCUSDT,B,93723.5,0.30346
1767631363809,BTCUSDT,B,93721.4,0.6
1767631363809,BTCUSDT,B,93719.1,0.035
1767631363809,BTCUSDT,B,93718.2,0.035
1767631363809,BTCUSDT,B,93689.9,0.41715
1767631363809,BTCUSDT,B,84357.4,0.00238
1767631363809,BTCUSDT,A,93730.4,0.0565
1767631363809,BTCUSDT,A,93730.5,0.00099
1767631363809,BTCUSDT,A,93734,0.001
1767631363809,BTCUSDT,A,93734.8,0.00044
1767631363809,BTCUSDT,A,93734.8,0.03012
1767631363809,BTCUSDT,A,93738.3,0.12012
1767631363809,BTCUSDT,A,93739.1,0
1767631363809,BTCUSDT,A,93739.1,0
1767631363809,BTCUSDT,A,93739.1,6e-05
1767631363809,BTCUSDT,A,93743.1,0
1767631363809,BTCUSDT,A,93743.5,0.00012
1767631363809,BTCUSDT,A,93743.6,0.01693
1767631363809,BTCUSDT,A,93743.6,0.05292
1767631363809,BTCUSDT,A,93744.2,0
1767631363809,BTCUSDT,A,93785.4,0
1767631363809,BTCUSDT,A,93797.3,0.00428
1767631363809,BTCUSDT,A,93843.7,0.41647
1767631363812,ETHUSDT,B,3179.43,37.959
1767631363812,ETHUSDT,B,3179.29,0.6088
1767631363812,ETHUSDT,B,3179.25,0.0033
1767631363812,ETHUSDT,B,3179.24,0.0034
1767631363812,ETHUSDT,B,3179.23,0.851
1767631363812,ETHUSDT,B,3179.15,0.0534
1767631363812,ETHUSDT,B,3179.14,0.8202
1767631363812,ETHUSDT,B,3179.09,0.005
1767631363812,ETHUSDT,B,3179.05,0
1767631363812,ETHUSDT,B,3178.85,0.0017
1767631363812,ETHUSDT,B,2861.49,0.0546
1767631363812,ETHUSDT,A,3179.44,17.9063
1767631363812,ETHUSDT,A,3179.45,0.0017
1767631363812,XRPUSDT,B,2.1811,8990.1
1767631363812,XRPUSDT,A,2.1815,16039.1
1767631363812,XRPUSDT,A,2.1817,4642
1767631363891,DOTUSDT,B,2.178,342.34
1767631363891,DOTUSDT,B,2.177,4904.68
1767631363891,DOTUSDT,B,2.17,20816.4
1767631363893,DOGEUSDT,B,0.1499,42070
1767631363893,DOGEUSDT,B,0.14989,193226
1767631363893,DOGEUSDT,B,0.14984,235950
1767631363893,DOGEUSDT,B,0.14983,235755
1767631363893,DOGEUSDT,B,0.14982,70259
1767631363893,DOGEUSDT,A,0.14991,2066
1767631363893,DOGEUSDT,A,0.14992,17156
1767631363893,DOGEUSDT,A,0.14993,31848
1767631363893,DOGEUSDT,A,0.14994,60953
1767631363893,DOGEUSDT,A,0.15094,709
1767631363896,SOLUSDT,B,135.15,63.708
1767631363896,SOLUSDT,B,135.1,210.814
1767631363896,SOLUSDT,B,135.09,374.488
1767631363896,SOLUSDT,A,135.18,25.528
1767631363896,SOLUSDT,A,135.21,1699.55
1767631363896,SOLUSDT,A,135.61,41.196
1767631363896,SOLUSDT,A,135.62,99.063
1767631363897,LTCUSDT,B,82.98,42.293
1767631363897,LTCUSDT,A,82.99,50.158
1767631363897,LTCUSDT,A,83,88.292
1767631363897,LTCUSDT,A,83.01,110.079
1767631363897,LTCUSDT,A,83.02,72.258
1767631363897,LTCUSDT,A,83.1,212.565
1767631363898,BNBUSDT,B,904.86,3.689
1767631363898,BNBUSDT,A,904.87,27.414
1767631363898,BNBUSDT,A,906.25,1.637
1767631363900,ADAUSDT,B,0.4126,44771
1767631363900,ADAUSDT,A,0.4127,2099.4
1767631363900,ADAUSDT,A,0.4129,57927.9
1767631363914,BTCUSDT,B,93738.3,6.7415
1767631363914,BTCUSDT,B,93738.3,0.00216
1767631363914,BTCUSDT,B,93738,0
1767631363914,BTCUSDT,B,93737.9,0
1767631363914,BTCUSDT,B,93737.8,6e-05
1767631363914,BTCUSDT,B,93737.2,0
1767631363914,BTCUSDT,B,93737,0
1767631363914,BTCUSDT,B,93737,0
1767631363914,BTCUSDT,B,93736.8,0.00012
1767631363914,BTCUSDT,B,93736.8,0.00024
1767631363914,BTCUSDT,B,93736.8,0.0025
1767631363914,BTCUSDT,B,93736.1,0
1767631363914,BTCUSDT,B,93736.1,0
1767631363914,BTCUSDT,B,93736,6e-05
1767631363914,BTCUSDT,B,93735.4,6e-05
1767631363914,BTCUSDT,B,93735.2,0.02419
1767631363914,BTCUSDT,B,93735.2,0.00024
1767631363914,BTCUSDT,B,93735.2,0.00015
1767631363914,BTCUSDT,B,93735.1,0
1767631363914,BTCUSDT,B,93734.8,6e-05
1767631363914,BTCUSDT,B,93734.8,0
1767631363914,BTCUSDT,B,93734.4,0.0025
1767631363914,BTCUSDT,B,93734.1,0
1767631363914,BTCUSDT,B,93734,0
1767631363914,BTCUSDT,B,93733.8,0.00052
1767631363914,BTCUSDT,B,93733.2,0.00012
1767631363914,BTCUSDT,B,93733.2,0.00015
1767631363914,BTCUSDT,B,93732.6,6e-05
1767631363914,BTCUSDT,B,93732.4,0
1767631363914,BTCUSDT,B,93732.2,0
1767631363914,BTCUSDT,B,93732.1,0.0025
1767631363914,BTCUSDT,B,93732,0
1767631363914,BTCUSDT,B,93732,0
1767631363914,BTCUSDT,B,93731.5,0.00052
1767631363914,BTCUSDT,B,93731.4,0
1767631363914,BTCUSDT,B,93731,0.0064
1767631363914,BTCUSDT,B,93730.8,6e-05
1767631363914,BTCUSDT,B,93730.8,0
1767631363914,BTCUSDT,B,93730.4,5.20701
1767631363914,BTCUSDT,B,93730.4,1.00047
1767631363914,BTCUSDT,B,93730.4,0.00012
1767631363914,BTCUSDT,B,93730,0.00056
1767631363914,BTCUSDT,B,93729.9,0.00156
1767631363914,BTCUSDT,B,93729.8,0.00268
1767631363914,BTCUSDT,B,93729.5,0.00073
1767631363914,BTCUSDT,B,93728.9,6e-05
1767631363914,BTCUSDT,B,93728.5,1.9764
1767631363914,BTCUSDT,B,93728.1,0.00018
1767631363914,BTCUSDT,B,93727.2,9e-05
1767631363914,BTCUSDT,B,93726.6,0.00011
1767631363914,BTCUSDT,B,93726,6e-05
1767631363914,BTCUSDT,B,93726,0
1767631363914,BTCUSDT,B,93725.8,0.00012
1767631363914,BTCUSDT,B,93725.1,0
1767631363914,BTCUSDT,B,93725,3.00865
1767631363914,BTCUSDT,B,93724.9,0.00052
1767631363914,BTCUSDT,B,93724.6,0
1767631363914,BTCUSDT,B,93724,0.00392
1767631363914,BTCUSDT,B,93723.6,0
1767631363914,BTCUSDT,B,93722.7,0.00097
1767631363914,BTCUSDT,B,93722,0.0018
1767631363914,BTCUSDT,B,93721.9,0.00011
1767631363914,BTCUSDT,B,93720.4,0
1767631363914,BTCUSDT,B,93719.6,0.0785
1767631363914,BTCUSDT,B,93719.4,0.00048
1767631363914,BTCUSDT,B,93718.9,0.00396
1767631363914,BTCUSDT,B,93717,0
1767631363914,BTCUSDT,B,93714.5,0.06008
1767631363914,BTCUSDT,B,93713.7,0.05334
1767631363914,BTCUSDT,B,93713.6,0.19402
1767631363914,BTCUSDT,B,93713.3,0
1767631363914,BTCUSDT,B,93712.6,0
1767631363914,BTCUSDT,B,93708.4,0
1767631363914,BTCUSDT,B,93706.8,0.00213
1767631363914,BTCUSDT,B,93706,0
1767631363914,BTCUSDT,B,93699.9,0
1767631363914,BTCUSDT,B,93695.4,0
1767631363914,BTCUSDT,B,93694.8,0
1767631363914,BTCUSDT,B,93694.5,0
1767631363914,BTCUSDT,B,93692.6,0.22794
1767631363914,BTCUSDT,B,93692.6,0
1767631363914,BTCUSDT,B,93692.2,0.0011
1767631363914,BTCUSDT,B,93689.8,7e-05
1767631363914,BTCUSDT,B,93685.2,0
1767631363914,BTCUSDT,B,93679.5,0.002
1767631363914,BTCUSDT,B,93674.8,0
1767631363914,BTCUSDT,B,93650.2,0.00266
1767631363914,BTCUSDT,B,93640.4,0
1767631363914,BTCUSDT,B,93636.4,0
1767631363914,BTCUSDT,B,93625,0
1767631363914,BTCUSDT,B,93610.4,0
1767631363914,BTCUSDT,B,93530.9,4.92139
1767631363914,BTCUSDT,B,92222.9,0.0001
1767631363914,BTCUSDT,B,92214.9,0
1767631363914,BTCUSDT,B,84364.5,0.00014
1767631363914,BTCUSDT,B,84357.4,0
1767631363914,BTCUSDT,A,93730.4,0
1767631363914,BTCUSDT,A,93730.5,0
1767631363914,BTCUSDT,A,93730.8,0
1767631363914,BTCUSDT,A,93731.4,0
1767631363914,BTCUSDT,A,93732,0
1767631363914,BTCUSDT,A,93732,0
1767631363914,BTCUSDT,A,93732.2,0
1767631363914,BTCUSDT,A,93732.4,0
1767631363914,BTCUSDT,A,93732.6,0
1767631363914,BTCUSDT,A,93733.2,0
1767631363914,BTCUSDT,A,93733.3,0
1767631363914,BTCUSDT,A,93733.8,0
1767631363914,BTCUSDT,A,93734,0
1767631363914,BTCUSDT,A,93734,0
1767631363914,BTCUSDT,A,93734.2,0
1767631363914,BTCUSDT,A,93734.8,0
1767631363914,BTCUSDT,A,93734.8,0
1767631363914,BTCUSDT,A,93735.1,0
1767631363914,BTCUSDT,A,93735.4,0
1767631363914,BTCUSDT,A,93735.9,0
1767631363914,BTCUSDT,A,93736,0
1767631363914,BTCUSDT,A,93736.1,0
1767631363914,BTCUSDT,A,93736.8,0
1767631363914,BTCUSDT,A,93737,0
1767631363914,BTCUSDT,A,93737,0
1767631363914,BTCUSDT,A,93737.2,0
1767631363914,BTCUSDT,A,93738,0
1767631363914,BTCUSDT,A,93738.3,0
1767631363914,BTCUSDT,A,93738.3,1.67152
1767631363914,BTCUSDT,A,93738.3,0.00111
1767631363914,BTCUSDT,A,93738.4,0.00027
1767631363914,BTCUSDT,A,93738.4,9e-05
1767631363914,BTCUSDT,A,93738.4,9e-05
1767631363914,BTCUSDT,A,93739.1,0
1767631363914,BTCUSDT,A,93739.3,0
1767631363914,BTCUSDT,A,93740,0.00106
1767631363914,BTCUSDT,A,93742,0.00106
1767631363914,BTCUSDT,A,93742,6e-05
1767631363914,BTCUSDT,A,93742.1,0
1767631363914,BTCUSDT,A,93743.1,6e-05
1767631363914,BTCUSDT,A,93743.6,0.01711
1767631363914,BTCUSDT,A,93743.6,0.00018
1767631363914,BTCUSDT,A,93743.6,0.00059
1767631363914,BTCUSDT,A,93743.6,0.00306
1767631363914,BTCUSDT,A,93743.8,0
1767631363914,BTCUSDT,A,93743.8,0.00018
1767631363914,BTCUSDT,A,93743.9,6e-05
1767631363914,BTCUSDT,A,93744,0.00306
1767631363914,BTCUSDT,A,93744.2,0.00012
1767631363914,BTCUSDT,A,93744.5,0
1767631363914,BTCUSDT,A,93744.5,0.00114
1767631363914,BTCUSDT,A,93744.5,0.1484
1767631363914,BTCUSDT,A,93745.6,6e-05
1767631363914,BTCUSDT,A,93746.7,0
1767631363914,BTCUSDT,A,93746.8,0
1767631363914,BTCUSDT,A,93747.7,0
1767631363914,BTCUSDT,A,93748,0
1767631363914,BTCUSDT,A,93748.3,0.0537
1767631363914,BTCUSDT,A,93748.6,0
1767631363914,BTCUSDT,A,93749.4,0
1767631363914,BTCUSDT,A,93749.9,0
1767631363914,BTCUSDT,A,93750.3,0
1767631363914,BTCUSDT,A,93750.5,0.00533
1767631363914,BTCUSDT,A,93750.8,0
1767631363914,BTCUSDT,A,93750.9,0.01059
1767631363914,BTCUSDT,A,93750.9,0
1767631363914,BTCUSDT,A,93752.3,0
1767631363914,BTCUSDT,A,93752.6,0
1767631363914,BTCUSDT,A,93753.8,0
1767631363914,BTCUSDT,A,93754,0
1767631363914,BTCUSDT,A,93754.1,0.015
1767631363914,BTCUSDT,A,93756.4,0
1767631363914,BTCUSDT,A,93756.5,0
1767631363914,BTCUSDT,A,93756.6,0
1767631363914,BTCUSDT,A,93757.9,0
1767631363914,BTCUSDT,A,93757.9,0.0025
1767631363914,BTCUSDT,A,93762,0.00533
1767631363914,BTCUSDT,A,93763.3,0
1767631363914,BTCUSDT,A,93765.6,0
1767631363914,BTCUSDT,A,93766,0
1767631363914,BTCUSDT,A,93767.1,0
1767631363914,BTCUSDT,A,93769.9,0.29076
1767631363914,BTCUSDT,A,93769.9,0.28588
1767631363914,BTCUSDT,A,93773.3,6e-05
1767631363914,BTCUSDT,A,93775.1,0
1767631363914,BTCUSDT,A,93775.6,0.27
1767631363914,BTCUSDT,A,93776.6,0
1767631363914,BTCUSDT,A,93776.6,0.24293
1767631363914,BTCUSDT,A,93777.7,0
1767631363914,BTCUSDT,A,93777.8,0
1767631363914,BTCUSDT,A,93778.7,0
1767631363914,BTCUSDT,A,93779.9,0.002
1767631363914,BTCUSDT,A,93780.4,0
1767631363914,BTCUSDT,A,93780.5,6e-05
1767631363914,BTCUSDT,A,93781,0.00013
1767631363914,BTCUSDT,A,93781.7,0.08168
1767631363914,BTCUSDT,A,93787.3,0
1767631363914,BTCUSDT,A,93794.1,0
1767631363914,BTCUSDT,A,93799.8,0
1767631363914,BTCUSDT,A,93802.2,0
1767631363914,BTCUSDT,A,93802.6,0
1767631363914,BTCUSDT,A,93803.7,0
1767631363914,BTCUSDT,A,93804,0
1767631363914,BTCUSDT,A,93812,0.00266
1767631363914,BTCUSDT,A,93818.6,0
1767631363914,BTCUSDT,A,93820.9,0
1767631363914,BTCUSDT,A,93821.3,0
1767631363914,BTCUSDT,A,93822.5,0
1767631363914,BTCUSDT,A,93836.5,0
1767631363914,BTCUSDT,A,93842.5,0.21008
1767631363914,BTCUSDT,A,93871.6,0.06596
1767631363914,BTCUSDT,A,93892.4,0
1767631363914,BTCUSDT,A,93905.8,0.00106
1767631363914,BTCUSDT,A,93952.8,5.0396
1767631363914,BTCUSDT,A,93957.9,0
1767631363914,BTCUSDT,A,93988.4,0.04497
1767631363914,BTCUSDT,A,93993.4,0.00011
1767631363914,BTCUSDT,A,93998.1,0.00011
1767631363914,BTCUSDT,A,94007.1,0
1767631363914,BTCUSDT,A,94018.6,0
1767631363914,BTCUSDT,A,95244.4,0
1767631363914,BTCUSDT,A,95252.4,0
1767631363914,BTCUSDT,A,99511.5,0
1767631363920,ETHUSDT,B,3179.43,38.2564
1767631363920,ETHUSDT,B,3179.28,0.05
1767631363920,ETHUSDT,B,3179.25,0.0033
1767631363920,ETHUSDT,B,3179.24,0.0051
1767631363920,ETHUSDT,B,3179.23,0.851
1767631363920,ETHUSDT,B,3179.15,0.05
1767631363920,ETHUSDT,B,3179.12,2.5203
1767631363920,ETHUSDT,B,3179.01,0.316
1767631363920,ETHUSDT,B,3178.96,13.8733
1767631363920,ETHUSDT,B,3178.69,0.45
1767631363920,ETHUSDT,B,3178.57,2.335
1767631363920,ETHUSDT,B,3178.38,4.22
1767631363920,ETHUSDT,B,3178.36,0.45
1767631363920,ETHUSDT,B,3178.33,13.1149
1767631363920,ETHUSDT,B,3178.21,1.5707
1767631363920,ETHUSDT,B,3178.15,0.0032
1767631363920,ETHUSDT,B,3178.07,0.4932
1767631363920,ETHUSDT,B,3178.02,0
1767631363920,ETHUSDT,B,3177.98,0
1767631363920,ETHUSDT,B,3177.95,0
1767631363920,ETHUSDT,B,3177.75,0
1767631363920,ETHUSDT,B,3177.23,1.5231
1767631363920,ETHUSDT,B,3176.32,0.0032
1767631363920,ETHUSDT,B,3172.16,3.4717
1767631363920,ETHUSDT,B,3171.77,15.7371
1767631363920,ETHUSDT,B,3170.75,0
1767631363920,ETHUSDT,B,3168.59,0.0024
1767631363920,ETHUSDT,B,3163.53,0.09
1767631363920,ETHUSDT,B,3147.71,0.1584
1767631363920,ETHUSDT,B,3131.97,0
1767631363920,ETHUSDT,B,3116.31,0.0026
1767631363920,ETHUSDT,B,3100.73,0.0018
1767631363920,ETHUSDT,B,3085.23,0
1767631363920,ETHUSDT,B,3069.8,0
1767631363920,ETHUSDT,B,2861.49,0.0585
1767631363920,ETHUSDT,A,3179.44,14.609
1767631363920,ETHUSDT,A,3179.45,0.0017
1767631363920,ETHUSDT,A,3179.51,0.0017
1767631363920,ETHUSDT,A,3179.52,0.0095
1767631363920,ETHUSDT,A,3179.54,0
1767631363920,ETHUSDT,A,3179.61,0.0034
1767631363920,ETHUSDT,A,3179.62,0.495
1767631363920,ETHUSDT,A,3179.68,0.0019
1767631363920,ETHUSDT,A,3179.71,0
1767631363920,ETHUSDT,A,3179.73,3.1913
1767631363920,ETHUSDT,A,3179.75,0
1767631363920,ETHUSDT,A,3179.76,0
1767631363920,ETHUSDT,A,3179.79,0.1641
1767631363920,ETHUSDT,A,3179.82,0.0016
1767631363920,ETHUSDT,A,3179.83,0
1767631363920,ETHUSDT,A,3179.84,13.2565
1767631363920,ETHUSDT,A,3179.86,0.537
1767631363920,ETHUSDT,A,3179.87,0
1767631363920,ETHUSDT,A,3179.92,0
1767631363920,ETHUSDT,A,3179.93,0.0814
1767631363920,ETHUSDT,A,3179.95,1.5
1767631363920,ETHUSDT,A,3179.99,23.2568
1767631363920,ETHUSDT,A,3180,0.0866
1767631363920,ETHUSDT,A,3180.01,5.8937
1767631363920,ETHUSDT,A,3180.13,15.7517
1767631363920,ETHUSDT,A,3180.14,0.2857
1767631363920,ETHUSDT,A,3180.16,3.1075
1767631363920,ETHUSDT,A,3180.18,3.9603
1767631363920,ETHUSDT,A,3180.19,23.9347
1767631363920,ETHUSDT,A,3180.21,0.99
1767631363920,ETHUSDT,A,3180.22,0.0377
1767631363920,ETHUSDT,A,3180.28,1.885
1767631363920,ETHUSDT,A,3180.29,18.9228
1767631363920,ETHUSDT,A,3180.3,0.0016
1767631363920,ETHUSDT,A,3180.34,0
1767631363920,ETHUSDT,A,3180.36,0
1767631363920,ETHUSDT,A,3180.4,2.785
1767631363920,ETHUSDT,A,3180.49,5.17
1767631363920,ETHUSDT,A,3180.71,0.0532
1767631363920,ETHUSDT,A,3180.97,0.05
1767631363920,ETHUSDT,A,3181.1,18.272
1767631363920,ETHUSDT,A,3181.21,4.585
1767631363920,ETHUSDT,A,3181.57,0.5249
1767631363920,ETHUSDT,A,3181.87,0
1767631363920,ETHUSDT,A,3181.89,16.277
1767631363920,ETHUSDT,A,3182,0.8281
1767631363920,ETHUSDT,A,3182.02,3.1427
1767631363920,ETHUSDT,A,3182.04,1.6964
1767631363920,ETHUSDT,A,3182.05,33.3455
1767631363920,ETHUSDT,A,3182.1,13.8008
1767631363920,ETHUSDT,A,3182.36,0
1767631363920,ETHUSDT,A,3182.53,5.7618
1767631363920,ETHUSDT,A,3182.76,17.5958
1767631363920,ETHUSDT,A,3182.83,0.0358
1767631363920,ETHUSDT,A,3182.89,1.5229
1767631363920,ETHUSDT,A,3182.96,1.5231
1767631363920,ETHUSDT,A,3183.18,6.1041
1767631363920,ETHUSDT,A,3183.27,0.3881
1767631363920,ETHUSDT,A,3183.7,0
1767631363920,ETHUSDT,A,3183.97,0.0424
1767631363920,ETHUSDT,A,3184.24,0
1767631363920,ETHUSDT,A,3184.58,3.4787
1767631363920,ETHUSDT,A,3185.19,0
1767631363920,ETHUSDT,A,3185.25,0
1767631363920,ETHUSDT,A,3185.29,31.4694
1767631363920,ETHUSDT,A,3186.6,0
1767631363920,ETHUSDT,A,3187.47,8.904
1767631363920,ETHUSDT,A,3189.47,0
1767631363920,ETHUSDT,A,3190,75.2648
1767631363920,ETHUSDT,A,3192.5,0.0165
1767631363920,ETHUSDT,A,3192.76,0.1
1767631363920,ETHUSDT,A,3195.34,0.0276
1767631363920,ETHUSDT,A,3211.32,0
1767631363920,ETHUSDT,A,3227.38,0.0019
1767631363920,ETHUSDT,A,3243.51,0.0046
1767631363920,ETHUSDT,A,3259.73,0
1767631363920,ETHUSDT,A,3276.03,0.0017
1767631363920,ETHUSDT,A,3292.41,0.0045
1767631363920,ETHUSDT,A,3307.43,0.0019
1767631363923,XRPUSDT,B,2.1812,6716.9
1767631363923,XRPUSDT,B,2.1811,9735.5
1767631363923,XRPUSDT,B,2.181,3326.5
1767631363923,XRPUSDT,B,2.1809,3891.2
1767631363923,XRPUSDT,B,2.1808,6894.4
1767631363923,XRPUSDT,B,2.1801,4415.5
1767631363923,XRPUSDT,B,2.1377,78.8
1767631363923,XRPUSDT,A,2.1814,4580.1
1767631363923,XRPUSDT,A,2.1815,6046.2
1767631363923,XRPUSDT,A,2.1817,5511.5
1767631363923,XRPUSDT,A,2.1818,7135.9
1767631363923,XRPUSDT,A,2.1822,13026.4
1767631363965,DOTUSDT,B,2.174,12723
1767631363965,DOTUSDT,B,2.169,20288
1767631363965,DOTUSDT,B,2.168,21044.1
1767631363965,DOTUSDT,B,2.165,2328.14
1767631363966,DOGEUSDT,A,0.14991,19071
1767631363987,SOLUSDT,B,135.12,259.374
1767631363987,SOLUSDT,B,125,13196
1767631363987,SOLUSDT,A,135.19,219.785
1767631363993,LTCUSDT,A,83.01,107.67
1767631363993,LTCUSDT,A,83.02,71.66
1767631363998,BNBUSDT,B,904.86,1.96
1767631363998,BNBUSDT,A,904.87,30.175
1767631364001,ADAUSDT,B,0.4126,9606.6
1767631364001,ADAUSDT,B,0.4125,32705.8
1767631364001,ADAUSDT,B,0.4124,95451.6
1767631364001,ADAUSDT,B,0.4123,135869
1767631364001,ADAUSDT,B,0.4122,94494.3
1767631364001,ADAUSDT,B,0.4121,62525.6
1767631364001,ADAUSDT,B,0.412,101234
1767631364001,ADAUSDT,B,0.4119,234711
1767631364001,ADAUSDT,B,0.4116,112625
1767631364001,ADAUSDT,B,0.4114,65394.3
1767631364001,ADAUSDT,B,0.4105,26720
1767631364001,ADAUSDT,B,0.4084,166136
1767631364001,ADAUSDT,B,0.4064,1454.8
1767631364001,ADAUSDT,B,0.4044,1718.5
1767631364001,ADAUSDT,B,0.4023,202.7
1767631364001,ADAUSDT,B,0.4003,1666
1767631364001,ADAUSDT,B,0.3983,150.5
1767631364001,ADAUSDT,B,0.3963,6815.4
1767631364001,ADAUSDT,A,0.4127,14925.1
1767631364001,ADAUSDT,A,0.4128,26384.4
1767631364001,ADAUSDT,A,0.4129,62259.6
1767631364001,ADAUSDT,A,0.413,42654.6
1767631364001,ADAUSDT,A,0.4131,57945.3
1767631364001,ADAUSDT,A,0.414,24431.2
1767631364001,ADAUSDT,A,0.4141,33614.6
1767631364001,ADAUSDT,A,0.4144,60784.3
1767631364001,ADAUSDT,A,0.4148,57811.9
1767631364001,ADAUSDT,A,0.4169,90416
1767631364001,ADAUSDT,A,0.419,11142.4
1767631364001,ADAUSDT,A,0.4211,290.9
1767631364001,ADAUSDT,A,0.4224,1689.6
1767631364001,ADAUSDT,A,0.4232,1392.7
1767631364001,ADAUSDT,A,0.4253,127.4
1767631364001,ADAUSDT,A,0.4274,1975.9
1767631364001,ADAUSDT,A,0.4295,233
1767631364013,BTCUSDT,B,93738.3,7.48886
1767631364013,BTCUSDT,B,93738.3,0.00234
1767631364013,BTCUSDT,B,93736.8,0
1767631364013,BTCUSDT,B,93736.8,0.00012
1767631364013,BTCUSDT,B,93736.8,0.00274
1767631364013,BTCUSDT,B,93735.2,0.00012
1767631364013,BTCUSDT,B,93735.2,0.0244
1767631364013,BTCUSDT,B,93735.2,6e-05
1767631364013,BTCUSDT,B,93735.2,0
1767631364013,BTCUSDT,B,93734.4,0.00265
1767631364013,BTCUSDT,B,93733.8,6e-05
1767631364013,BTCUSDT,B,93733.2,0
1767631364013,BTCUSDT,B,93733.2,0
1767631364013,BTCUSDT,B,93732.7,0.00012
1767631364013,BTCUSDT,B,93732.6,0.10668
1767631364013,BTCUSDT,B,93732.6,0
1767631364013,BTCUSDT,B,93732.1,0.00256
1767631364013,BTCUSDT,B,93731.5,0.00058
1767631364013,BTCUSDT,B,93731,0.00652
1767631364013,BTCUSDT,B,93730.5,1.23018
1767631364013,BTCUSDT,B,93730.5,0.00012
1767631364013,BTCUSDT,B,93730.4,2.5602
1767631364013,BTCUSDT,B,93730.4,0.95278
1767631364013,BTCUSDT,B,93729.5,0.00067
1767631364013,BTCUSDT,B,93728.5,0
1767631364013,BTCUSDT,B,93728.5,0.58494
1767631364013,BTCUSDT,B,93728.1,6e-05
1767631364013,BTCUSDT,B,93727.4,0.00256
1767631364013,BTCUSDT,B,93726.4,0.10668
1767631364013,BTCUSDT,B,93726.2,0
1767631364013,BTCUSDT,B,93726,0.02127
1767631364013,BTCUSDT,B,93726,0
1767631364013,BTCUSDT,B,93726,0
1767631364013,BTCUSDT,B,93725.8,0
1767631364013,BTCUSDT,B,93725,2.55996
1767631364013,BTCUSDT,B,93725,3.00854
1767631364013,BTCUSDT,B,93725,0
1767631364013,BTCUSDT,B,93724.3,0
1767631364013,BTCUSDT,B,93724,0.0038
1767631364013,BTCUSDT,B,93723.5,0.3034
1767631364013,BTCUSDT,B,93723.3,0.00053
1767631364013,BTCUSDT,B,93722.7,0.3842
1767631364013,BTCUSDT,B,93722.4,0
1767631364013,BTCUSDT,B,93722.4,0
1767631364013,BTCUSDT,B,93720.4,0.007
1767631364013,BTCUSDT,B,93715.7,0.042
1767631364013,BTCUSDT,B,93707,0
1767631364013,BTCUSDT,B,93704,0
1767631364013,BTCUSDT,B,93703.8,0
1767631364013,BTCUSDT,B,93694.4,0
1767631364013,BTCUSDT,B,93692.6,0.22784
1767631364013,BTCUSDT,B,93676.5,0.00424
1767631364013,BTCUSDT,B,93664,0
1767631364013,BTCUSDT,B,93610.4,0.42739
1767631364013,BTCUSDT,B,93609.5,0.00266
1767631364013,BTCUSDT,B,93601.7,0
1767631364013,BTCUSDT,B,93515.5,0.00106
1767631364013,BTCUSDT,B,93508,0
1767631364013,BTCUSDT,B,93447.3,0
1767631364013,BTCUSDT,B,93444.8,0
1767631364013,BTCUSDT,B,93438.2,0
1767631364013,BTCUSDT,B,92222.9,0
1767631364013,BTCUSDT,B,92220,0.01756
1767631364013,BTCUSDT,B,84364.5,0.00042
1767631364013,BTCUSDT,A,93738.3,1.79974
1767631364013,BTCUSDT,A,93738.3,0.00093
1767631364013,BTCUSDT,A,93738.4,0.00027
1767631364013,BTCUSDT,A,93738.4,0
1767631364013,BTCUSDT,A,93738.4,0
1767631364013,BTCUSDT,A,93740,0.00115
1767631364013,BTCUSDT,A,93742,0.00109
1767631364013,BTCUSDT,A,93743,0.03449
1767631364013,BTCUSDT,A,93743,0.11119
1767631364013,BTCUSDT,A,93743.5,0
1767631364013,BTCUSDT,A,93743.6,0.00012
1767631364013,BTCUSDT,A,93743.6,6e-05
1767631364013,BTCUSDT,A,93743.6,0.003
1767631364013,BTCUSDT,A,93743.8,0
1767631364013,BTCUSDT,A,93744.2,0.27775
1767631364013,BTCUSDT,A,93744.5,0.0012
1767631364013,BTCUSDT,A,93744.5,0.14858
1767631364013,BTCUSDT,A,93745.6,0.00012
1767631364013,BTCUSDT,A,93745.6,0.35222
1767631364013,BTCUSDT,A,93745.8,0.02418
1767631364013,BTCUSDT,A,93746,0.00106
1767631364013,BTCUSDT,A,93746.2,0.00256
1767631364013,BTCUSDT,A,93746.7,0.02438
1767631364013,BTCUSDT,A,93746.8,6e-05
1767631364013,BTCUSDT,A,93746.8,0.12198
1767631364013,BTCUSDT,A,93747,0.01556
1767631364013,BTCUSDT,A,93747.3,0.00113
1767631364013,BTCUSDT,A,93747.7,0.13458
1767631364013,BTCUSDT,A,93748.3,0
1767631364013,BTCUSDT,A,93750,0.05499
1767631364013,BTCUSDT,A,93750.9,0
1767631364013,BTCUSDT,A,93751.2,0.02241
1767631364013,BTCUSDT,A,93752.1,0.01081
1767631364013,BTCUSDT,A,93755.9,1.16678
1767631364013,BTCUSDT,A,93766.7,0
1767631364013,BTCUSDT,A,93770.9,0.05158
1767631364013,BTCUSDT,A,93999,0.0173
1767631364013,BTCUSDT,A,94002.8,0.00011
1767631364013,BTCUSDT,A,94007.4,0
1767631364013,BTCUSDT,A,94560,0
1767631364017,ETHUSDT,B,3179.43,36.8062
1767631364017,ETHUSDT,B,3179.29,0.6088
1767631364017,ETHUSDT,B,3179.28,0.0517
1767631364017,ETHUSDT,B,3179.24,0.0034
1767631364017,ETHUSDT,B,3179.14,1.4676
1767631364017,ETHUSDT,B,3178.53,2.3416
1767631364017,ETHUSDT,B,3178.38,2.335
1767631364017,ETHUSDT,B,3178.08,1.1174
1767631364017,ETHUSDT,B,3178.01,0.0098
1767631364017,ETHUSDT,B,3177.9,2.0256
1767631364017,ETHUSDT,B,3177.88,0.5129
1767631364017,ETHUSDT,B,3171.58,0.0032
1767631364017,ETHUSDT,B,3119.07,9.857
1767631364017,ETHUSDT,B,2861.49,0.0663
1767631364017,ETHUSDT,A,3179.44,14.5931
1767631364017,ETHUSDT,A,3179.53,0.1422
1767631364017,ETHUSDT,A,3179.67,0.0532
1767631364017,ETHUSDT,A,3179.7,0.0033
1767631364017,ETHUSDT,A,3179.71,8.5746
1767631364017,ETHUSDT,A,3179.83,20.1141
1767631364017,ETHUSDT,A,3179.89,0.5221
1767631364017,ETHUSDT,A,3179.93,0.1053
1767631364017,ETHUSDT,A,3179.97,15.7631
1767631364017,ETHUSDT,A,3180.18,18.5505
1767631364017,ETHUSDT,A,3180.2,0
1767631364017,ETHUSDT,A,3180.25,1.5536
1767631364017,ETHUSDT,A,3180.64,0.0019
1767631364017,ETHUSDT,A,3180.82,17.4815
1767631364017,ETHUSDT,A,3180.88,1.125
1767631364017,ETHUSDT,A,3181.14,2.3504
1767631364017,ETHUSDT,A,3181.57,0.0069
1767631364017,ETHUSDT,A,3182.28,1.1921
1767631364017,ETHUSDT,A,3184.58,3.1427
1767631364017,ETHUSDT,A,3185.12,1.1097
1767631364017,ETHUSDT,A,3185.18,0
1767631364017,ETHUSDT,A,3185.28,9.7725
1767631364017,ETHUSDT,A,3185.35,0
1767631364017,ETHUSDT,A,3188.56,0
1767631364017,ETHUSDT,A,3307.7,0.9048
1767631364019,XRPUSDT,B,2.1812,6721.9
1767631364019,XRPUSDT,B,2.181,3795.4
1767631364019,XRPUSDT,A,2.1814,4647
1767631364019,XRPUSDT,A,2.1816,14344.6
1767631364019,XRPUSDT,A,2.1817,5512.3
1767631364019,XRPUSDT,A,2.1818,7133.4
1767631364087,DOTUSDT,B,2.178,657.27
1767631364087,DOTUSDT,B,2.17,21974.6
1767631364087,DOTUSDT,A,2.181,8726.27
1767631364087,DOTUSDT,A,2.182,7438.86
1767631364088,DOGEUSDT,B,0.14993,105068
1767631364088,DOGEUSDT,B,0.14992,120202
1767631364088,DOGEUSDT,B,0.14991,96091
1767631364088,DOGEUSDT,B,0.1499,99018
1767631364088,DOGEUSDT,B,0.14989,218362
1767631364088,DOGEUSDT,B,0.14988,138305
1767631364088,DOGEUSDT,B,0.14987,154702
1767631364088,DOGEUSDT,B,0.14986,299763
1767631364088,DOGEUSDT,B,0.14985,268620
1767631364088,DOGEUSDT,B,0.14984,225976
1767631364088,DOGEUSDT,B,0.14983,213813
1767631364088,DOGEUSDT,B,0.14982,59996
1767631364088,DOGEUSDT,B,0.14981,165337
1767631364088,DOGEUSDT,B,0.1498,395070
1767631364088,DOGEUSDT,B,0.14976,126449
1767631364088,DOGEUSDT,B,0.14974,202698
1767631364088,DOGEUSDT,B,0.14973,102966
1767631364088,DOGEUSDT,B,0.14972,241092
1767631364088,DOGEUSDT,B,0.14971,76988
1767631364088,DOGEUSDT,B,0.14963,420383
1767631364088,DOGEUSDT,B,0.14957,36593
1767631364088,DOGEUSDT,B,0.14917,2.3026e+06
1767631364088,DOGEUSDT,B,0.14643,163653
1767631364088,DOGEUSDT,A,0.14991,0
1767631364088,DOGEUSDT,A,0.14992,0
1767631364088,DOGEUSDT,A,0.14993,0
1767631364088,DOGEUSDT,A,0.14994,14713
1767631364088,DOGEUSDT,A,0.14995,24837
1767631364088,DOGEUSDT,A,0.14996,27747
1767631364088,DOGEUSDT,A,0.14997,105725
1767631364088,DOGEUSDT,A,0.14998,232817
1767631364088,DOGEUSDT,A,0.14999,83855
1767631364088,DOGEUSDT,A,0.15,126677
1767631364088,DOGEUSDT,A,0.15001,315359
1767631364088,DOGEUSDT,A,0.15003,138735
1767631364088,DOGEUSDT,A,0.15004,251540
1767631364088,DOGEUSDT,A,0.15005,132124
1767631364088,DOGEUSDT,A,0.15006,316036
1767631364088,DOGEUSDT,A,0.15007,200600
1767631364088,DOGEUSDT,A,0.1501,340533
1767631364088,DOGEUSDT,A,0.15011,126034
1767631364088,DOGEUSDT,A,0.15012,135936
1767631364088,DOGEUSDT,A,0.15014,166367
1767631364088,DOGEUSDT,A,0.1502,58992
1767631364088,DOGEUSDT,A,0.15021,144013
1767631364088,DOGEUSDT,A,0.15027,296824
1767631364088,DOGEUSDT,A,0.15037,315231
1767631364089,SOLUSDT,B,135.18,966.405
1767631364089,SOLUSDT,B,135.17,559.24
1767631364089,SOLUSDT,B,135.16,185.238
1767631364089,SOLUSDT,B,135.15,69.385
1767631364089,SOLUSDT,B,135.14,135.589
1767631364089,SOLUSDT,B,135.13,269.221
1767631364089,SOLUSDT,B,135.12,360.961
1767631364089,SOLUSDT,B,135.11,282.832
1767631364089,SOLUSDT,B,135.1,286.786
1767631364089,SOLUSDT,B,135.09,372.544
1767631364089,SOLUSDT,B,135.07,951.068
1767631364089,SOLUSDT,B,135.06,335.903
1767631364089,SOLUSDT,B,135.05,527.311
1767631364089,SOLUSDT,B,134.92,233.195
1767631364089,SOLUSDT,B,134.91,69.444
1767631364089,SOLUSDT,B,134.9,481.632
1767631364089,SOLUSDT,B,134.87,120.21
1767631364089,SOLUSDT,B,134.86,119.301
1767631364089,SOLUSDT,B,134.84,853.041
1767631364089,SOLUSDT,B,134.71,381.81
1767631364089,SOLUSDT,B,134.7,1116.27
1767631364089,SOLUSDT,B,134.57,434.281
1767631364089,SOLUSDT,B,134.41,90.278
1767631364089,SOLUSDT,A,135.17,0
1767631364089,SOLUSDT,A,135.18,0
1767631364089,SOLUSDT,A,135.19,139.681
1767631364089,SOLUSDT,A,135.2,89.373
1767631364089,SOLUSDT,A,135.21,583.841
1767631364089,SOLUSDT,A,135.22,691.871
1767631364089,SOLUSDT,A,135.23,847.921
1767631364089,SOLUSDT,A,135.24,1281.86
1767631364089,SOLUSDT,A,135.25,415.901
1767631364089,SOLUSDT,A,135.26,943.315
1767631364089,SOLUSDT,A,135.27,1100.33
1767631364089,SOLUSDT,A,135.28,355.882
1767631364089,SOLUSDT,A,135.31,173.76
1767631364089,SOLUSDT,A,135.36,1294.9
1767631364089,SOLUSDT,A,135.37,604.269
1767631364089,SOLUSDT,A,135.38,408.335
1767631364089,SOLUSDT,A,135.4,368.324
1767631364089,SOLUSDT,A,135.41,548.732
1767631364089,SOLUSDT,A,135.46,281.458
1767631364089,SOLUSDT,A,135.6,104.674
1767631364089,SOLUSDT,A,135.61,62.6
1767631364089,SOLUSDT,A,135.62,120.126
1767631364089,SOLUSDT,A,135.63,498.39
1767631364089,SOLUSDT,A,135.65,1039.96
1767631364089,SOLUSDT,A,135.71,70.086
1767631364089,SOLUSDT,A,135.88,120.205
1767631364089,SOLUSDT,A,135.93,18.853
1767631364092,LTCUSDT,B,82.99,112.388
1767631364092,LTCUSDT,B,82.98,47.355
1767631364092,LTCUSDT,B,82.97,18.849
1767631364092,LTCUSDT,B,82.96,47.308
1767631364092,LTCUSDT,B,82.95,190.523
1767631364092,LTCUSDT,B,82.94,133.837
1767631364092,LTCUSDT,B,82.93,179.146
1767631364092,LTCUSDT,B,82.92,236.425
1767631364092,LTCUSDT,B,82.91,221.512
1767631364092,LTCUSDT,B,82.84,371.069
1767631364092,LTCUSDT,B,82.83,96.96
1767631364092,LTCUSDT,B,82.81,66.381
1767631364092,LTCUSDT,B,82.75,4042.77
1767631364092,LTCUSDT,B,82.73,19.974
1767631364092,LTCUSDT,B,82.47,276.452
1767631364092,LTCUSDT,B,82.23,0.167
1767631364092,LTCUSDT,B,74.68,0
1767631364092,LTCUSDT,A,82.99,0
1767631364092,LTCUSDT,A,83,58.975
1767631364092,LTCUSDT,A,83.01,63.511
1767631364092,LTCUSDT,A,83.02,76.095
1767631364092,LTCUSDT,A,83.03,132.877
1767631364092,LTCUSDT,A,83.04,255.496
1767631364092,LTCUSDT,A,83.1,203.678
1767631364092,LTCUSDT,A,83.11,378.025
1767631364092,LTCUSDT,A,83.75,6.121
1767631364099,BNBUSDT,B,904.86,17.348
1767631364099,BNBUSDT,B,904.75,3.316
1767631364099,BNBUSDT,B,904.74,4.963
1767631364099,BNBUSDT,B,904.7,0.012
1767631364099,BNBUSDT,B,904.67,0
1767631364099,BNBUSDT,B,904.65,2.273
1767631364099,BNBUSDT,B,904.64,7.382
1767631364099,BNBUSDT,B,904.62,10.49
1767631364099,BNBUSDT,B,904.58,0.013
1767631364099,BNBUSDT,B,904.55,6.188
1767631364099,BNBUSDT,B,904.52,0.025
1767631364099,BNBUSDT,B,902.66,70.864
1767631364099,BNBUSDT,B,902.43,0.006
1767631364099,BNBUSDT,B,899.83,0
1767631364099,BNBUSDT,A,904.87,22.114
1767631364099,BNBUSDT,A,904.89,1.832
1767631364099,BNBUSDT,A,904.91,0.762
1767631364099,BNBUSDT,A,904.92,0.012
1767631364099,BNBUSDT,A,904.93,7.238
1767631364099,BNBUSDT,A,904.94,1.928
1767631364099,BNBUSDT,A,904.96,0.348
1767631364099,BNBUSDT,A,904.97,6.115
1767631364099,BNBUSDT,A,904.99,0
1767631364099,BNBUSDT,A,905,1.983
1767631364099,BNBUSDT,A,905.01,1.136
1767631364099,BNBUSDT,A,905.02,0.238
1767631364099,BNBUSDT,A,905.03,6.775
1767631364099,BNBUSDT,A,905.05,10.508
1767631364099,BNBUSDT,A,905.06,3.582
1767631364099,BNBUSDT,A,905.07,11.246
1767631364099,BNBUSDT,A,905.13,2.506
1767631364099,BNBUSDT,A,905.28,16.883
1767631364099,BNBUSDT,A,905.34,8.734
1767631364099,BNBUSDT,A,906.9,0
1767631364099,BNBUSDT,A,906.91,11.74
1767631364099,BNBUSDT,A,907.13,80.394
1767631364099,ADAUSDT,B,0.4126,24782.4
1767631364099,ADAUSDT,B,0.4125,53277.1
1767631364099,ADAUSDT,B,0.4124,95489.3
1767631364099,ADAUSDT,B,0.4123,127579
1767631364099,ADAUSDT,B,0.4122,93521.4
1767631364099,ADAUSDT,B,0.4121,69716
1767631364099,ADAUSDT,B,0.412,101198
1767631364099,ADAUSDT,B,0.4117,116948
1767631364099,ADAUSDT,B,0.4111,54734.3
1767631364099,ADAUSDT,B,0.411,38513
1767631364099,ADAUSDT,A,0.4127,521.4
1767631364099,ADAUSDT,A,0.4128,18095.3
1767631364099,ADAUSDT,A,0.4129,48402.6
1767631364099,ADAUSDT,A,0.413,50596.6
1767631364099,ADAUSDT,A,0.4131,68329.3
1767631364099,ADAUSDT,A,0.414,26630
1767631364099,ADAUSDT,A,0.4141,37765.3
1767631364119,BTCUSDT,B,93745,4.40383
1767631364119,BTCUSDT,B,93744.5,0.81141
1767631364119,BTCUSDT,B,93744.5,0.0003
1767631364119,BTCUSDT,B,93744.5,0
1767631364119,BTCUSDT,B,93744.5,6e-05
1767631364119,BTCUSDT,B,93744.5,0
1767631364119,BTCUSDT,B,93744.2,0.00018
1767631364119,BTCUSDT,B,93744.2,0
1767631364119,BTCUSDT,B,93744,0.02262
1767631364119,BTCUSDT,B,93744,0.00027
1767631364119,BTCUSDT,B,93744,0
1767631364119,BTCUSDT,B,93743.9,0.0025
1767631364119,BTCUSDT,B,93743.8,0
1767631364119,BTCUSDT,B,93743.6,0.00012
1767631364119,BTCUSDT,B,93743.6,0.22039
1767631364119,BTCUSDT,B,93743.6,6e-05
1767631364119,BTCUSDT,B,93743.6,0
1767631364119,BTCUSDT,B,93743.5,0.00018
1767631364119,BTCUSDT,B,93743.5,6e-05
1767631364119,BTCUSDT,B,93743.1,0
1767631364119,BTCUSDT,B,93743,0
1767631364119,BTCUSDT,B,93743,0.01076
1767631364119,BTCUSDT,B,93743,0.00012
1767631364119,BTCUSDT,B,93742.8,0
1767631364119,BTCUSDT,B,93742.2,0.02419
1767631364119,BTCUSDT,B,93742,0
1767631364119,BTCUSDT,B,93742,0
1767631364119,BTCUSDT,B,93741.6,0.00018
1767631364119,BTCUSDT,B,93741.5,0.0025
1767631364119,BTCUSDT,B,93741.4,0
1767631364119,BTCUSDT,B,93741.4,0
1767631364119,BTCUSDT,B,93740.5,6e-05
1767631364119,BTCUSDT,B,93740.1,0
1767631364119,BTCUSDT,B,93740.1,0.00012
1767631364119,BTCUSDT,B,93740,0
1767631364119,BTCUSDT,B,93739.9,6e-05
1767631364119,BTCUSDT,B,93739.9,0
1767631364119,BTCUSDT,B,93739.6,0
1767631364119,BTCUSDT,B,93739.6,0.00018
1767631364119,BTCUSDT,B,93739.4,0.02
1767631364119,BTCUSDT,B,93739.3,0
1767631364119,BTCUSDT,B,93739.1,0.0025
1767631364119,BTCUSDT,B,93739.1,0.00018
1767631364119,BTCUSDT,B,93738.4,0
1767631364119,BTCUSDT,B,93738.4,1.35105
1767631364119,BTCUSDT,B,93738.4,2.55996
1767631364119,BTCUSDT,B,93738.3,6e-05
1767631364119,BTCUSDT,B,93738.3,0
1767631364119,BTCUSDT,B,93738.3,0.14821
1767631364119,BTCUSDT,B,93738.3,0
1767631364119,BTCUSDT,B,93738.2,0.00052
1767631364119,BTCUSDT,B,93738,0.0133
1767631364119,BTCUSDT,B,93737.8,0
1767631364119,BTCUSDT,B,93737,0.0133
1767631364119,BTCUSDT,B,93736.8,6e-05
1767631364119,BTCUSDT,B,93736.8,0.00256
1767631364119,BTCUSDT,B,93736.1,0
1767631364119,BTCUSDT,B,93736,0.0133
1767631364119,BTCUSDT,B,93735.6,0.27
1767631364119,BTCUSDT,B,93735.2,0
1767631364119,BTCUSDT,B,93735.2,0
1767631364119,BTCUSDT,B,93734.8,0.015
1767631364119,BTCUSDT,B,93734.8,0
1767631364119,BTCUSDT,B,93734.4,0.00256
1767631364119,BTCUSDT,B,93734,0
1767631364119,BTCUSDT,B,93733.3,0.00011
1767631364119,BTCUSDT,B,93732.7,0
1767631364119,BTCUSDT,B,93732.6,0.10668
1767631364119,BTCUSDT,B,93732.5,0.15188
1767631364119,BTCUSDT,B,93732.1,6e-05
1767631364119,BTCUSDT,B,93731.8,0.003
1767631364119,BTCUSDT,B,93731.7,0.00189
1767631364119,BTCUSDT,B,93731.6,0.00052
1767631364119,BTCUSDT,B,93731.5,6e-05
1767631364119,BTCUSDT,B,93731.2,0.15189
1767631364119,BTCUSDT,B,93731,0.0064
1767631364119,BTCUSDT,B,93730.5,1.94863
1767631364119,BTCUSDT,B,93730.5,3.19996
1767631364119,BTCUSDT,B,93730.5,0
1767631364119,BTCUSDT,B,93730.5,0
1767631364119,BTCUSDT,B,93730.4,2.55996
1767631364119,BTCUSDT,B,93730.4,0.07517
1767631364119,BTCUSDT,B,93729.8,0.00018
1767631364119,BTCUSDT,B,93728.8,0
1767631364119,BTCUSDT,B,93728.5,1.97628
1767631364119,BTCUSDT,B,93728.2,0.38418
1767631364119,BTCUSDT,B,93728,0.10668
1767631364119,BTCUSDT,B,93727.8,0.05751
1767631364119,BTCUSDT,B,93727.4,0
1767631364119,BTCUSDT,B,93727.3,0.02
1767631364119,BTCUSDT,B,93727,0.10668
1767631364119,BTCUSDT,B,93726.9,0
1767631364119,BTCUSDT,B,93726,0.00121
1767631364119,BTCUSDT,B,93725.2,0.003
1767631364119,BTCUSDT,B,93724.9,0
1767631364119,BTCUSDT,B,93724,0.0038
1767631364119,BTCUSDT,B,93723.5,0
1767631364119,BTCUSDT,B,93723.3,0.01
1767631364119,BTCUSDT,B,93722,6e-05
1767631364119,BTCUSDT,B,93721.3,0
1767631364119,BTCUSDT,B,93719.2,0
1767631364119,BTCUSDT,B,93718.9,0
1767631364119,BTCUSDT,B,93717.4,0.38422
1767631364119,BTCUSDT,B,93716.9,0.22784
1767631364119,BTCUSDT,B,93716.4,0
1767631364119,BTCUSDT,B,93716.1,0
1767631364119,BTCUSDT,B,93715.9,0.042
1767631364119,BTCUSDT,B,93715.3,0.041
1767631364119,BTCUSDT,B,93714.5,0
1767631364119,BTCUSDT,B,93714.1,0
1767631364119,BTCUSDT,B,93713.8,0
1767631364119,BTCUSDT,B,93713.7,0.15189
1767631364119,BTCUSDT,B,93713.5,0.00213
1767631364119,BTCUSDT,B,93713.4,0.15189
1767631364119,BTCUSDT,B,93712.8,0
1767631364119,BTCUSDT,B,93711.9,0.08089
1767631364119,BTCUSDT,B,93710.8,0
1767631364119,BTCUSDT,B,93710.4,0.00012
1767631364119,BTCUSDT,B,93710.2,0.05323
1767631364119,BTCUSDT,B,93710,6e-05
1767631364119,BTCUSDT,B,93709.1,0
1767631364119,BTCUSDT,B,93708.7,0
1767631364119,BTCUSDT,B,93708.1,0.15189
1767631364119,BTCUSDT,B,93707.8,0.41707
1767631364119,BTCUSDT,B,93706.8,0
1767631364119,BTCUSDT,B,93706.5,0
1767631364119,BTCUSDT,B,93705.5,0.15189
1767631364119,BTCUSDT,B,93705.4,0.15191
1767631364119,BTCUSDT,B,93702,0.0018
1767631364119,BTCUSDT,B,93700.5,0.08589
1767631364119,BTCUSDT,B,93698.8,0
1767631364119,BTCUSDT,B,93698.6,0.00114
1767631364119,BTCUSDT,B,93698.2,0
1767631364119,BTCUSDT,B,93697.7,0.12036
1767631364119,BTCUSDT,B,93697.2,0.002
1767631364119,BTCUSDT,B,93696.2,0
1767631364119,BTCUSDT,B,93695.6,0.03693
1767631364119,BTCUSDT,B,93694.3,0
1767631364119,BTCUSDT,B,93693.4,0
1767631364119,BTCUSDT,B,93692.6,0
1767631364119,BTCUSDT,B,93691.8,0.10032
1767631364119,BTCUSDT,B,93691.7,0.23632
1767631364119,BTCUSDT,B,93691.3,0
1767631364119,BTCUSDT,B,93690.7,0
1767631364119,BTCUSDT,B,93690.3,0.02839
1767631364119,BTCUSDT,B,93689.9,0
1767631364119,BTCUSDT,B,93689.4,0
1767631364119,BTCUSDT,B,93689.3,0
1767631364119,BTCUSDT,B,93689.1,0
1767631364119,BTCUSDT,B,93688.8,0.23682
1767631364119,BTCUSDT,B,93688.4,0.03098
1767631364119,BTCUSDT,B,93686.3,0
1767631364119,BTCUSDT,B,93684.8,0.04336
1767631364119,BTCUSDT,B,93683.3,0
1767631364119,BTCUSDT,B,93682.3,0.1611
1767631364119,BTCUSDT,B,93681.5,0.00633
1767631364119,BTCUSDT,B,93680,0
1767631364119,BTCUSDT,B,93679.5,0
1767631364119,BTCUSDT,B,93675.9,0.0043
1767631364119,BTCUSDT,B,93675.4,0
1767631364119,BTCUSDT,B,93675.1,0
1767631364119,BTCUSDT,B,93673,0
1767631364119,BTCUSDT,B,93672.1,0.02608
1767631364119,BTCUSDT,B,93668.3,0
1767631364119,BTCUSDT,B,93667.1,0
1767631364119,BTCUSDT,B,93664.5,0
1767631364119,BTCUSDT,B,93664.3,0
1767631364119,BTCUSDT,B,93664.3,1.0679
1767631364119,BTCUSDT,B,93664.1,0
1767631364119,BTCUSDT,B,93659.7,0
1767631364119,BTCUSDT,B,93657.7,0.11513
1767631364119,BTCUSDT,B,93657.4,0
1767631364119,BTCUSDT,B,93656.7,0
1767631364119,BTCUSDT,B,93653.6,0.05001
1767631364119,BTCUSDT,B,93650.2,0
1767631364119,BTCUSDT,B,93646.6,0
1767631364119,BTCUSDT,B,93643.3,0.0921
1767631364119,BTCUSDT,B,93639.5,0.03267
1767631364119,BTCUSDT,B,93637.6,0
1767631364119,BTCUSDT,B,93634.9,0
1767631364119,BTCUSDT,B,93629.2,3.19996
1767631364119,BTCUSDT,B,93625,0
1767631364119,BTCUSDT,B,93624.6,0
1767631364119,BTCUSDT,B,93621.2,0
1767631364119,BTCUSDT,B,93619.8,0
1767631364119,BTCUSDT,B,93608.7,0
1767631364119,BTCUSDT,B,93602.4,0.0009
1767631364119,BTCUSDT,B,93582.1,0
1767631364119,BTCUSDT,B,93579.8,0
1767631364119,BTCUSDT,B,93570,0
1767631364119,BTCUSDT,B,93506.8,0
1767631364119,BTCUSDT,B,93471.2,0.00011
1767631364119,BTCUSDT,B,93456.7,0
1767631364119,BTCUSDT,B,93452,0
1767631364119,BTCUSDT,B,93276.3,0.01
1767631364119,BTCUSDT,B,92915.8,0.0001
1767631364119,BTCUSDT,B,92809.9,0.01
1767631364119,BTCUSDT,B,92222.1,0
1767631364119,BTCUSDT,B,91884.1,0.01
1767631364119,BTCUSDT,B,91424.7,0.01006
1767631364119,BTCUSDT,B,90967.6,0.01
1767631364119,BTCUSDT,B,90060.2,0.01
1767631364119,BTCUSDT,B,89609.9,0.01
1767631364119,BTCUSDT,B,89161.8,0.01
1767631364119,BTCUSDT,B,88716,0.01
1767631364119,BTCUSDT,B,86256.3,0.00012
1767631364119,BTCUSDT,B,84370.5,0.00028
1767631364119,BTCUSDT,B,84364.5,0
1767631364119,BTCUSDT,B,74996,0.00026
1767631364119,BTCUSDT,B,60000,207.111
1767631364119,BTCUSDT,A,93738.3,0
1767631364119,BTCUSDT,A,93738.3,0
1767631364119,BTCUSDT,A,93738.4,0
1767631364119,BTCUSDT,A,93738.4,0
1767631364119,BTCUSDT,A,93739.1,0
1767631364119,BTCUSDT,A,93739.9,0
1767631364119,BTCUSDT,A,93740,0
1767631364119,BTCUSDT,A,93741.6,0
1767631364119,BTCUSDT,A,93742,0
1767631364119,BTCUSDT,A,93742,0
1767631364119,BTCUSDT,A,93742.8,0
1767631364119,BTCUSDT,A,93743,0
1767631364119,BTCUSDT,A,93743,0
1767631364119,BTCUSDT,A,93743,0
1767631364119,BTCUSDT,A,93743.1,0
1767631364119,BTCUSDT,A,93743.6,0
1767631364119,BTCUSDT,A,93743.6,0
1767631364119,BTCUSDT,A,93743.6,0
1767631364119,BTCUSDT,A,93743.6,0
1767631364119,BTCUSDT,A,93743.9,0
1767631364119,BTCUSDT,A,93744,0
1767631364119,BTCUSDT,A,93744.2,0
1767631364119,BTCUSDT,A,93744.2,0
1767631364119,BTCUSDT,A,93744.5,0
1767631364119,BTCUSDT,A,93744.5,0
1767631364119,BTCUSDT,A,93744.5,0
1767631364119,BTCUSDT,A,93745,0.2841
1767631364119,BTCUSDT,A,93745.1,0.00075
1767631364119,BTCUSDT,A,93745.1,0.00027
1767631364119,BTCUSDT,A,93745.1,9e-05
1767631364119,BTCUSDT,A,93745.1,9e-05
1767631364119,BTCUSDT,A,93745.5,6e-05
1767631364119,BTCUSDT,A,93745.6,0
1767631364119,BTCUSDT,A,93745.6,0.00012
1767631364119,BTCUSDT,A,93745.8,0.00012
1767631364119,BTCUSDT,A,93746.2,6e-05
1767631364119,BTCUSDT,A,93746.3,0
1767631364119,BTCUSDT,A,93746.7,0
1767631364119,BTCUSDT,A,93746.7,0.00018
1767631364119,BTCUSDT,A,93746.8,0
1767631364119,BTCUSDT,A,93746.8,0.00018
1767631364119,BTCUSDT,A,93746.9,0
1767631364119,BTCUSDT,A,93747,0.00012
1767631364119,BTCUSDT,A,93747.1,6e-05
1767631364119,BTCUSDT,A,93747.1,0
1767631364119,BTCUSDT,A,93747.7,0
1767631364119,BTCUSDT,A,93747.7,0.00018
1767631364119,BTCUSDT,A,93747.8,0.00018
1767631364119,BTCUSDT,A,93747.8,0.00018
1767631364119,BTCUSDT,A,93747.9,0.00018
1767631364119,BTCUSDT,A,93747.9,6e-05
1767631364119,BTCUSDT,A,93748,0.00306
1767631364119,BTCUSDT,A,93748.6,6e-05
1767631364119,BTCUSDT,A,93748.9,6e-05
1767631364119,BTCUSDT,A,93749.1,6e-05
1767631364119,BTCUSDT,A,93749.2,6e-05
1767631364119,BTCUSDT,A,93749.4,0
1767631364119,BTCUSDT,A,93750,0
1767631364119,BTCUSDT,A,93750.3,0.00012
1767631364119,BTCUSDT,A,93750.3,0.15
1767631364119,BTCUSDT,A,93750.4,0
1767631364119,BTCUSDT,A,93750.5,0
1767631364119,BTCUSDT,A,93750.5,0
1767631364119,BTCUSDT,A,93750.7,0
1767631364119,BTCUSDT,A,93750.9,0
1767631364119,BTCUSDT,A,93751.1,0
1767631364119,BTCUSDT,A,93751.1,0
1767631364119,BTCUSDT,A,93751.2,0
1767631364119,BTCUSDT,A,93751.4,0
1767631364119,BTCUSDT,A,93751.8,0.00012
1767631364119,BTCUSDT,A,93752.1,0
1767631364119,BTCUSDT,A,93752.1,0
1767631364119,BTCUSDT,A,93752.3,0
1767631364119,BTCUSDT,A,93752.4,0
1767631364119,BTCUSDT,A,93752.5,0
1767631364119,BTCUSDT,A,93752.5,0
1767631364119,BTCUSDT,A,93752.7,0
1767631364119,BTCUSDT,A,93753.2,0
1767631364119,BTCUSDT,A,93753.9,0
1767631364119,BTCUSDT,A,93753.9,0
1767631364119,BTCUSDT,A,93754.1,0
1767631364119,BTCUSDT,A,93754.4,6e-05
1767631364119,BTCUSDT,A,93754.4,0.27
1767631364119,BTCUSDT,A,93754.7,0
1767631364119,BTCUSDT,A,93755,0.35206
1767631364119,BTCUSDT,A,93755.6,0.0025
1767631364119,BTCUSDT,A,93755.8,0
1767631364119,BTCUSDT,A,93755.9,0
1767631364119,BTCUSDT,A,93756.5,0.12679
1767631364119,BTCUSDT,A,93756.5,0
1767631364119,BTCUSDT,A,93756.8,0.02629
1767631364119,BTCUSDT,A,93757.1,0
1767631364119,BTCUSDT,A,93757.2,0.02
1767631364119,BTCUSDT,A,93757.4,0
1767631364119,BTCUSDT,A,93758,0.00186
1767631364119,BTCUSDT,A,93758,0.003
1767631364119,BTCUSDT,A,93758.2,0
1767631364119,BTCUSDT,A,93758.3,6e-05
1767631364119,BTCUSDT,A,93758.3,0.05624
1767631364119,BTCUSDT,A,93758.3,0
1767631364119,BTCUSDT,A,93758.8,0
1767631364119,BTCUSDT,A,93759,0.03199
1767631364119,BTCUSDT,A,93759.1,0.00106
1767631364119,BTCUSDT,A,93759.5,0
1767631364119,BTCUSDT,A,93760,6e-05
1767631364119,BTCUSDT,A,93760.3,0.0025
1767631364119,BTCUSDT,A,93760.8,0.00533
1767631364119,BTCUSDT,A,93761.1,0
1767631364119,BTCUSDT,A,93762,0
1767631364119,BTCUSDT,A,93762.1,0.05404
1767631364119,BTCUSDT,A,93762.1,0
1767631364119,BTCUSDT,A,93762.6,0.21996
1767631364119,BTCUSDT,A,93762.6,0
1767631364119,BTCUSDT,A,93762.6,0
1767631364119,BTCUSDT,A,93762.6,0.0025
1767631364119,BTCUSDT,A,93763.1,0
1767631364119,BTCUSDT,A,93763.4,0.01052
1767631364119,BTCUSDT,A,93764.1,0
1767631364119,BTCUSDT,A,93764.6,0.003
1767631364119,BTCUSDT,A,93765,0
1767631364119,BTCUSDT,A,93765,0.0025
1767631364119,BTCUSDT,A,93765.1,0
1767631364119,BTCUSDT,A,93765.3,0
1767631364119,BTCUSDT,A,93765.6,0
1767631364119,BTCUSDT,A,93766.1,0
1767631364119,BTCUSDT,A,93766.2,0
1767631364119,BTCUSDT,A,93766.4,0.05324
1767631364119,BTCUSDT,A,93767,0.15188
1767631364119,BTCUSDT,A,93767.4,0
1767631364119,BTCUSDT,A,93767.4,0
1767631364119,BTCUSDT,A,93767.4,0.00106
1767631364119,BTCUSDT,A,93768,1.24123
1767631364119,BTCUSDT,A,93768,3.19996
1767631364119,BTCUSDT,A,93768,0.0038
1767631364119,BTCUSDT,A,93768.2,0.015
1767631364119,BTCUSDT,A,93768.4,0.15189
1767631364119,BTCUSDT,A,93768.5,0
1767631364119,BTCUSDT,A,93768.5,0
1767631364119,BTCUSDT,A,93769.2,0
1767631364119,BTCUSDT,A,93769.2,0
1767631364119,BTCUSDT,A,93769.7,0
1767631364119,BTCUSDT,A,93770.9,0.00533
1767631364119,BTCUSDT,A,93770.9,0
1767631364119,BTCUSDT,A,93772,0
1767631364119,BTCUSDT,A,93772,0
1767631364119,BTCUSDT,A,93772.1,0
1767631364119,BTCUSDT,A,93772.6,0
1767631364119,BTCUSDT,A,93773.2,0.126
1767631364119,BTCUSDT,A,93773.3,0
1767631364119,BTCUSDT,A,93773.3,0
1767631364119,BTCUSDT,A,93774.2,0
1767631364119,BTCUSDT,A,93774.2,0
1767631364119,BTCUSDT,A,93774.4,1.93841
1767631364119,BTCUSDT,A,93774.4,2.55996
1767631364119,BTCUSDT,A,93774.4,0.00015
1767631364119,BTCUSDT,A,93774.9,0
1767631364119,BTCUSDT,A,93775,0
1767631364119,BTCUSDT,A,93775.2,0
1767631364119,BTCUSDT,A,93775.7,0
1767631364119,BTCUSDT,A,93776,3.19996
1767631364119,BTCUSDT,A,93776,0
1767631364119,BTCUSDT,A,93776.1,0.17805
1767631364119,BTCUSDT,A,93776.6,0.15189
1767631364119,BTCUSDT,A,93777,0
1767631364119,BTCUSDT,A,93777.4,0
1767631364119,BTCUSDT,A,93777.6,0
1767631364119,BTCUSDT,A,93778,0
1767631364119,BTCUSDT,A,93778.4,0.15191
1767631364119,BTCUSDT,A,93779.4,0.38397
1767631364119,BTCUSDT,A,93779.6,0
1767631364119,BTCUSDT,A,93779.6,0.15189
1767631364119,BTCUSDT,A,93779.9,0
1767631364119,BTCUSDT,A,93780,6e-05
1767631364119,BTCUSDT,A,93780.5,0.15189
1767631364119,BTCUSDT,A,93781.2,0
1767631364119,BTCUSDT,A,93781.7,2.55996
1767631364119,BTCUSDT,A,93781.7,0
1767631364119,BTCUSDT,A,93781.8,0
1767631364119,BTCUSDT,A,93781.8,0
1767631364119,BTCUSDT,A,93783.3,3.20002
1767631364119,BTCUSDT,A,93784.4,0
1767631364119,BTCUSDT,A,93784.7,0.38395
1767631364119,BTCUSDT,A,93785.3,0.03098
1767631364119,BTCUSDT,A,93785.3,0
1767631364119,BTCUSDT,A,93785.5,6e-05
1767631364119,BTCUSDT,A,93786.3,0.03301
1767631364119,BTCUSDT,A,93786.5,0.04267
1767631364119,BTCUSDT,A,93786.5,0
1767631364119,BTCUSDT,A,93786.8,0
1767631364119,BTCUSDT,A,93787,0.15189
1767631364119,BTCUSDT,A,93787.2,0.15194
1767631364119,BTCUSDT,A,93788,3.27991
1767631364119,BTCUSDT,A,93788,0
1767631364119,BTCUSDT,A,93788,0
1767631364119,BTCUSDT,A,93789.4,0
1767631364119,BTCUSDT,A,93789.5,0
1767631364119,BTCUSDT,A,93790,0
1767631364119,BTCUSDT,A,93790,0
1767631364119,BTCUSDT,A,93790.1,0.00013
1767631364119,BTCUSDT,A,93790.2,0
1767631364119,BTCUSDT,A,93791,3.19996
1767631364119,BTCUSDT,A,93791,0
1767631364119,BTCUSDT,A,93791.1,0
1767631364119,BTCUSDT,A,93791.5,0
1767631364119,BTCUSDT,A,93791.5,0
1767631364119,BTCUSDT,A,93792,0
1767631364119,BTCUSDT,A,93792.1,0
1767631364119,BTCUSDT,A,93792.1,0
1767631364119,BTCUSDT,A,93792.6,0
1767631364119,BTCUSDT,A,93792.8,0.0792
1767631364119,BTCUSDT,A,93792.8,0.2236
1767631364119,BTCUSDT,A,93793,0.01146
1767631364119,BTCUSDT,A,93793.7,0
1767631364119,BTCUSDT,A,93794,0.002
1767631364119,BTCUSDT,A,93794.4,0
1767631364119,BTCUSDT,A,93795.4,0
1767631364119,BTCUSDT,A,93796.7,3.19996
1767631364119,BTCUSDT,A,93797,2.55996
1767631364119,BTCUSDT,A,93797,0
1767631364119,BTCUSDT,A,93797,0
1767631364119,BTCUSDT,A,93797.1,0
1767631364119,BTCUSDT,A,93798.1,0.03982
1767631364119,BTCUSDT,A,93798.8,0
1767631364119,BTCUSDT,A,93800,0
1767631364119,BTCUSDT,A,93800,0.99681
1767631364119,BTCUSDT,A,93800.4,0.15189
1767631364119,BTCUSDT,A,93800.7,0.15189
1767631364119,BTCUSDT,A,93800.8,2.55996
1767631364119,BTCUSDT,A,93800.8,0
1767631364119,BTCUSDT,A,93800.8,0
1767631364119,BTCUSDT,A,93801.1,0.15189
1767631364119,BTCUSDT,A,93802.6,0.00434
1767631364119,BTCUSDT,A,93803.4,0
1767631364119,BTCUSDT,A,93803.6,0
1767631364119,BTCUSDT,A,93803.9,0.22784
1767631364119,BTCUSDT,A,93804.6,0
1767631364119,BTCUSDT,A,93804.6,0
1767631364119,BTCUSDT,A,93805.1,1.71431
1767631364119,BTCUSDT,A,93805.4,0
1767631364119,BTCUSDT,A,93805.9,0.00033
1767631364119,BTCUSDT,A,93806.4,2.55996
1767631364119,BTCUSDT,A,93807.7,0.03336
1767631364119,BTCUSDT,A,93807.9,0
1767631364119,BTCUSDT,A,93807.9,3.19996
1767631364119,BTCUSDT,A,93808,0
1767631364119,BTCUSDT,A,93809.4,0
1767631364119,BTCUSDT,A,93809.6,0.02525
1767631364119,BTCUSDT,A,93809.9,0
1767631364119,BTCUSDT,A,93812,0
1767631364119,BTCUSDT,A,93813.3,0
1767631364119,BTCUSDT,A,93813.7,2.55996
1767631364119,BTCUSDT,A,93813.8,0
1767631364119,BTCUSDT,A,93813.8,0
1767631364119,BTCUSDT,A,93814,0
1767631364119,BTCUSDT,A,93814.6,0.09875
1767631364119,BTCUSDT,A,93814.8,0.00265
1767631364119,BTCUSDT,A,93817.9,0.02773
1767631364119,BTCUSDT,A,93817.9,0
1767631364119,BTCUSDT,A,93818.9,0.00265
1767631364119,BTCUSDT,A,93819.2,3.19996
1767631364119,BTCUSDT,A,93819.8,0
1767631364119,BTCUSDT,A,93822,0.02773
1767631364119,BTCUSDT,A,93822.2,0.01058
1767631364119,BTCUSDT,A,93822.8,0
1767631364119,BTCUSDT,A,93822.8,0.01722
1767631364119,BTCUSDT,A,93822.9,0.0256
1767631364119,BTCUSDT,A,93823.1,2.55996
1767631364119,BTCUSDT,A,93823.1,0
1767631364119,BTCUSDT,A,93823.9,0
1767631364119,BTCUSDT,A,93825,3.19996
1767631364119,BTCUSDT,A,93827.5,0.07065
1767631364119,BTCUSDT,A,93828,0.02773
1767631364119,BTCUSDT,A,93828.6,0
1767631364119,BTCUSDT,A,93829.4,0
1767631364119,BTCUSDT,A,93830,0.0018
1767631364119,BTCUSDT,A,93832.5,2.55996
1767631364119,BTCUSDT,A,93832.5,0.02558
1767631364119,BTCUSDT,A,93832.7,0.00011
1767631364119,BTCUSDT,A,93832.9,0
1767631364119,BTCUSDT,A,93836.3,3.19996
1767631364119,BTCUSDT,A,93837.6,0
1767631364119,BTCUSDT,A,93840,0
1767631364119,BTCUSDT,A,93841.9,2.55996
1767631364119,BTCUSDT,A,93841.9,0
1767631364119,BTCUSDT,A,93842.5,0.13714
1767631364119,BTCUSDT,A,93843.7,0
1767631364119,BTCUSDT,A,93846.4,0
1767631364119,BTCUSDT,A,93846.4,0.126
1767631364119,BTCUSDT,A,93847.5,3.19996
1767631364119,BTCUSDT,A,93847.8,0.0921
1767631364119,BTCUSDT,A,93851.3,2.55996
1767631364119,BTCUSDT,A,93851.3,0
1767631364119,BTCUSDT,A,93856,0
1767631364119,BTCUSDT,A,93857.1,0.02026
1767631364119,BTCUSDT,A,93858.7,0.02773
1767631364119,BTCUSDT,A,93858.8,3.19996
1767631364119,BTCUSDT,A,93860.6,2.55996
1767631364119,BTCUSDT,A,93861.6,0.41639
1767631364119,BTCUSDT,A,93863.5,0
1767631364119,BTCUSDT,A,93863.7,0
1767631364119,BTCUSDT,A,93864.1,0.1151
1767631364119,BTCUSDT,A,93866.8,0.06596
1767631364119,BTCUSDT,A,93867.9,0.06596
1767631364119,BTCUSDT,A,93869.8,0.06596
1767631364119,BTCUSDT,A,93870,3.19996
1767631364119,BTCUSDT,A,93870,0
1767631364119,BTCUSDT,A,93871.5,0.06596
1767631364119,BTCUSDT,A,93872.7,0.06596
1767631364119,BTCUSDT,A,93873.8,0.06596
1767631364119,BTCUSDT,A,93875.4,0.06596
1767631364119,BTCUSDT,A,93876.9,0.11513
1767631364119,BTCUSDT,A,93878.6,0.02773
1767631364119,BTCUSDT,A,93879.4,0
1767631364119,BTCUSDT,A,93879.8,0.06596
1767631364119,BTCUSDT,A,93880,0.02026
1767631364119,BTCUSDT,A,93880,1.09281
1767631364119,BTCUSDT,A,93881.3,3.19996
1767631364119,BTCUSDT,A,93883.2,0.16336
1767631364119,BTCUSDT,A,93884.9,0
1767631364119,BTCUSDT,A,93888.8,0
1767631364119,BTCUSDT,A,93892.5,3.19996
1767631364119,BTCUSDT,A,93893,0.02026
1767631364119,BTCUSDT,A,93898.2,0
1767631364119,BTCUSDT,A,93900,0.00013
1767631364119,BTCUSDT,A,93903.6,0.18153
1767631364119,BTCUSDT,A,93904.9,0.04297
1767631364119,BTCUSDT,A,93905.4,0.04297
1767631364119,BTCUSDT,A,93905.8,0
1767631364119,BTCUSDT,A,93908,0.00106
1767631364119,BTCUSDT,A,93913.1,0.00106
1767631364119,BTCUSDT,A,93925.1,0.03198
1767631364119,BTCUSDT,A,93939.3,0
1767631364119,BTCUSDT,A,93943.6,0.02026
1767631364119,BTCUSDT,A,93949.4,0
1767631364119,BTCUSDT,A,93955.3,0
1767631364119,BTCUSDT,A,93959.8,0
1767631364119,BTCUSDT,A,93960.1,0
1767631364119,BTCUSDT,A,93960.3,0
1767631364119,BTCUSDT,A,93960.4,0.6999
1767631364119,BTCUSDT,A,93961,0
1767631364119,BTCUSDT,A,93961.6,0
1767631364119,BTCUSDT,A,93964,0
1767631364119,BTCUSDT,A,93964.9,0
1767631364119,BTCUSDT,A,93965.3,0
1767631364119,BTCUSDT,A,93969.4,0
1767631364119,BTCUSDT,A,93975.2,0
1767631364119,BTCUSDT,A,93979.8,0.02998
1767631364119,BTCUSDT,A,93980.7,0.02998
1767631364119,BTCUSDT,A,93981.2,0.02998
1767631364119,BTCUSDT,A,93981.7,0.02998
1767631364119,BTCUSDT,A,93982.3,0.02998
1767631364119,BTCUSDT,A,93991,0.00011
1767631364119,BTCUSDT,A,93992.1,0.04497
1767631364119,BTCUSDT,A,93993,0.04497
1767631364119,BTCUSDT,A,93993.4,0.04497
1767631364119,BTCUSDT,A,93996.7,0.04497
1767631364119,BTCUSDT,A,93999,0
1767631364119,BTCUSDT,A,94055.8,0.00021
1767631364119,BTCUSDT,A,94143.5,0
1767631364119,BTCUSDT,A,94147.1,0.0001
1767631364119,BTCUSDT,A,94147.7,2.13465
1767631364119,BTCUSDT,A,94213.8,0.01
1767631364119,BTCUSDT,A,94561.8,0
1767631364119,BTCUSDT,A,94652.6,0
1767631364119,BTCUSDT,A,94673.5,0.0031
1767631364119,BTCUSDT,A,94684.8,0.01
1767631364119,BTCUSDT,A,94803.7,0
1767631364119,BTCUSDT,A,95158.3,0.01
1767631364119,BTCUSDT,A,95634.1,0.01007
1767631364119,BTCUSDT,A,96112.2,0.01
1767631364119,BTCUSDT,A,96592.8,0.01006
1767631364119,BTCUSDT,A,97075.8,0.01
1767631364119,BTCUSDT,A,97561.1,0.01
1767631364119,BTCUSDT,A,98048.9,0.01
1767631364119,BTCUSDT,A,98539.2,0.01
1767631364119,BTCUSDT,A,99031.9,0.01
1767631364119,BTCUSDT,A,99527,0.01
1767631364139,ETHUSDT,B,3179.43,42.1727
1767631364139,ETHUSDT,B,3179.41,0.05
1767631364139,ETHUSDT,B,3179.3,0.0017
1767631364139,ETHUSDT,B,3179.29,0.9248
1767631364139,ETHUSDT,B,3179.28,0.0543
1767631364139,ETHUSDT,B,3179.24,0
1767631364139,ETHUSDT,B,3179.23,1.4
1767631364139,ETHUSDT,B,3179.2,0
1767631364139,ETHUSDT,B,3179.14,11.8068
1767631364139,ETHUSDT,B,3179.13,33.3554
1767631364139,ETHUSDT,B,3179.1,1.5704
1767631364139,ETHUSDT,B,3179.03,0.1
1767631364139,ETHUSDT,B,3179.01,0
1767631364139,ETHUSDT,B,3178.95,19.5114
1767631364139,ETHUSDT,B,3178.93,15.7517
1767631364139,ETHUSDT,B,3178.83,0
1767631364139,ETHUSDT,B,3178.82,0.8
1767631364139,ETHUSDT,B,3178.77,18.272
1767631364139,ETHUSDT,B,3178.71,0.002
1767631364139,ETHUSDT,B,3178.66,0.6
1767631364139,ETHUSDT,B,3178.59,0
1767631364139,ETHUSDT,B,3178.57,0.45
1767631364139,ETHUSDT,B,3178.53,0.4566
1767631364139,ETHUSDT,B,3178.41,1.6194
1767631364139,ETHUSDT,B,3178.38,0.45
1767631364139,ETHUSDT,B,3178.36,0.45
1767631364139,ETHUSDT,B,3178.33,11.7149
1767631364139,ETHUSDT,B,3178.21,0.0016
1767631364139,ETHUSDT,B,3178.11,3.1932
1767631364139,ETHUSDT,B,3178.09,34.6377
1767631364139,ETHUSDT,B,3178.08,0.8359
1767631364139,ETHUSDT,B,3178.07,0
1767631364139,ETHUSDT,B,3177.98,0.4972
1767631364139,ETHUSDT,B,3177.88,0.0157
1767631364139,ETHUSDT,B,3177.72,0.255
1767631364139,ETHUSDT,B,3176.19,0
1767631364139,ETHUSDT,B,3173.6,13.6904
1767631364139,ETHUSDT,B,3173.46,31.4703
1767631364139,ETHUSDT,B,3172.79,0.9456
1767631364139,ETHUSDT,B,3172.67,0.0071
1767631364139,ETHUSDT,B,3172.22,8.6479
1767631364139,ETHUSDT,B,3171.4,0.0082
1767631364139,ETHUSDT,B,3170.92,0.8357
1767631364139,ETHUSDT,B,3170.81,12.2237
1767631364139,ETHUSDT,B,3169.85,0
1767631364139,ETHUSDT,B,3167.63,0
1767631364139,ETHUSDT,B,3130,230.416
1767631364139,ETHUSDT,B,2861.49,0.0684
1767631364139,ETHUSDT,A,3179.44,0.054
1767631364139,ETHUSDT,A,3179.45,0.0017
1767631364139,ETHUSDT,A,3179.67,0.0032
1767631364139,ETHUSDT,A,3179.68,0
1767631364139,ETHUSDT,A,3179.7,0.0016
1767631364139,ETHUSDT,A,3179.71,0.0017
1767631364139,ETHUSDT,A,3179.75,6.2899
1767631364139,ETHUSDT,A,3179.79,6.454
1767631364139,ETHUSDT,A,3179.8,0
1767631364139,ETHUSDT,A,3179.83,0
1767631364139,ETHUSDT,A,3179.84,0.0043
1767631364139,ETHUSDT,A,3179.86,0.437
1767631364139,ETHUSDT,A,3179.89,0.1573
1767631364139,ETHUSDT,A,3179.9,0.0252
1767631364139,ETHUSDT,A,3179.94,2.7066
1767631364139,ETHUSDT,A,3179.95,0
1767631364139,ETHUSDT,A,3179.97,0.0114
1767631364139,ETHUSDT,A,3179.99,0.1097
1767631364139,ETHUSDT,A,3180.01,0
1767631364139,ETHUSDT,A,3180.09,0
1767631364139,ETHUSDT,A,3180.12,0
1767631364139,ETHUSDT,A,3180.13,0
1767631364139,ETHUSDT,A,3180.14,0
1767631364139,ETHUSDT,A,3180.16,1.2225
1767631364139,ETHUSDT,A,3180.17,0
1767631364139,ETHUSDT,A,3180.18,1.26
1767631364139,ETHUSDT,A,3180.19,0.05
1767631364139,ETHUSDT,A,3180.2,0
1767631364139,ETHUSDT,A,3180.21,1.09
1767631364139,ETHUSDT,A,3180.23,1.5692
1767631364139,ETHUSDT,A,3180.25,1.0664
1767631364139,ETHUSDT,A,3180.27,0.22
1767631364139,ETHUSDT,A,3180.28,0
1767631364139,ETHUSDT,A,3180.29,0.0284
1767631364139,ETHUSDT,A,3180.3,0.4016
1767631364139,ETHUSDT,A,3180.31,0.8016
1767631364139,ETHUSDT,A,3180.32,1.8296
1767631364139,ETHUSDT,A,3180.37,0.9482
1767631364139,ETHUSDT,A,3180.38,35.8658
1767631364139,ETHUSDT,A,3180.39,0
1767631364139,ETHUSDT,A,3180.41,0
1767631364139,ETHUSDT,A,3180.47,3.1443
1767631364139,ETHUSDT,A,3180.48,1.0843
1767631364139,ETHUSDT,A,3180.49,0
1767631364139,ETHUSDT,A,3180.5,1.8998
1767631364139,ETHUSDT,A,3180.53,0
1767631364139,ETHUSDT,A,3180.54,12.4586
1767631364139,ETHUSDT,A,3180.56,0.4872
1767631364139,ETHUSDT,A,3180.57,20.1581
1767631364139,ETHUSDT,A,3180.59,15.7517
1767631364139,ETHUSDT,A,3180.62,3.4538
1767631364139,ETHUSDT,A,3180.63,1.2352
1767631364139,ETHUSDT,A,3180.65,13.7211
1767631364139,ETHUSDT,A,3180.73,0
1767631364139,ETHUSDT,A,3180.81,0.3145
1767631364139,ETHUSDT,A,3180.82,11.8205
1767631364139,ETHUSDT,A,3180.83,3.1452
1767631364139,ETHUSDT,A,3180.99,0
1767631364139,ETHUSDT,A,3181.07,0.1572
1767631364139,ETHUSDT,A,3181.09,0
1767631364139,ETHUSDT,A,3181.1,18.322
1767631364139,ETHUSDT,A,3181.14,1.8324
1767631364139,ETHUSDT,A,3181.19,4.285
1767631364139,ETHUSDT,A,3181.23,0.05
1767631364139,ETHUSDT,A,3181.27,36.3838
1767631364139,ETHUSDT,A,3181.46,16.5966
1767631364139,ETHUSDT,A,3181.52,0.5095
1767631364139,ETHUSDT,A,3181.6,3.1446
1767631364139,ETHUSDT,A,3181.68,0.2232
1767631364139,ETHUSDT,A,3181.69,2.965
1767631364139,ETHUSDT,A,3181.73,16.9
1767631364139,ETHUSDT,A,3181.89,15.7549
1767631364139,ETHUSDT,A,3181.93,14.4421
1767631364139,ETHUSDT,A,3182.08,0.0809
1767631364139,ETHUSDT,A,3182.28,2.2721
1767631364139,ETHUSDT,A,3182.33,6.5586
1767631364139,ETHUSDT,A,3182.87,6.53
1767631364139,ETHUSDT,A,3183.05,6.2848
1767631364139,ETHUSDT,A,3183.71,0.3307
1767631364139,ETHUSDT,A,3183.72,1.093
1767631364139,ETHUSDT,A,3184.19,1.8843
1767631364139,ETHUSDT,A,3184.34,0
1767631364139,ETHUSDT,A,3184.75,0.5
1767631364139,ETHUSDT,A,3185.28,0.3789
1767631364139,ETHUSDT,A,3185.29,0
1767631364139,ETHUSDT,A,3185.32,0
1767631364139,ETHUSDT,A,3185.98,31.4682
1767631364139,ETHUSDT,A,3186.99,0
1767631364139,ETHUSDT,A,3188.17,4.1097
1767631364139,ETHUSDT,A,3188.75,0.0016
1767631364139,ETHUSDT,A,3189.22,0
1767631364139,ETHUSDT,A,3189.43,0.5975
1767631364140,XRPUSDT,B,2.1817,3527.6
1767631364140,XRPUSDT,B,2.1816,19929.3
1767631364140,XRPUSDT,B,2.1815,21601.9
1767631364140,XRPUSDT,B,2.1814,22796.3
1767631364140,XRPUSDT,B,2.1813,12535.1
1767631364140,XRPUSDT,B,2.1812,6731.8
1767631364140,XRPUSDT,B,2.1811,11874.2
1767631364140,XRPUSDT,B,2.181,8781.8
1767631364140,XRPUSDT,B,2.1809,3880.3
1767631364140,XRPUSDT,B,2.1808,4944
1767631364140,XRPUSDT,B,2.1807,6031.7
1767631364140,XRPUSDT,B,2.1806,23755.2
1767631364140,XRPUSDT,B,2.1805,1794.4
1767631364140,XRPUSDT,B,2.1804,8541.8
1767631364140,XRPUSDT,B,2.1803,20575.1
1767631364140,XRPUSDT,B,2.1801,2290.5
1767631364140,XRPUSDT,B,2.1798,49923.2
1767631364140,XRPUSDT,B,2.1797,20144
1767631364140,XRPUSDT,B,2.1796,18326.2
1767631364140,XRPUSDT,B,2.1793,5582.8
1767631364140,XRPUSDT,B,2.1764,4765.1
1767631364140,XRPUSDT,B,2.1761,8510.3
1767631364140,XRPUSDT,B,2.176,23016.7
1767631364140,XRPUSDT,B,2.1742,67.9
1767631364140,XRPUSDT,B,2.174,122137
1767631364140,XRPUSDT,B,2.1739,1036.8
1767631364140,XRPUSDT,B,2.1738,185.9
1767631364140,XRPUSDT,B,2.1737,3080.8
1767631364140,XRPUSDT,A,2.1814,0
1767631364140,XRPUSDT,A,2.1815,0
1767631364140,XRPUSDT,A,2.1816,0
1767631364140,XRPUSDT,A,2.1817,0
1767631364140,XRPUSDT,A,2.1818,10983.6
1767631364140,XRPUSDT,A,2.1819,1307.3
1767631364140,XRPUSDT,A,2.182,9079.9
1767631364140,XRPUSDT,A,2.1821,3748.5
1767631364140,XRPUSDT,A,2.1822,2441.4
1767631364140,XRPUSDT,A,2.1823,16392
1767631364140,XRPUSDT,A,2.1824,37338.7
1767631364140,XRPUSDT,A,2.1825,13735.4
1767631364140,XRPUSDT,A,2.1826,18417.1
1767631364140,XRPUSDT,A,2.1827,24552.3
1767631364140,XRPUSDT,A,2.1828,797
1767631364140,XRPUSDT,A,2.183,25245.2
1767631364140,XRPUSDT,A,2.1832,1978.4
1767631364140,XRPUSDT,A,2.1833,12741.7
1767631364140,XRPUSDT,A,2.1834,20485.3
1767631364140,XRPUSDT,A,2.1846,40879
1767631364140,XRPUSDT,A,2.1852,17827.8
1767631364140,XRPUSDT,A,2.1891,8799.8
1767631364140,XRPUSDT,A,2.1892,1062.2
1767631364140,XRPUSDT,A,2.1895,2922.7
1767631364140,XRPUSDT,A,2.1909,26715
1767631364140,XRPUSDT,A,2.1942,18.2
1767631364170,DOTUSDT,B,2.171,7927.52
1767631364170,DOTUSDT,B,2.169,19902.5
1767631364170,DOTUSDT,B,2.165,2475.03
1767631364170,DOTUSDT,B,2.163,27484.6
1767631364170,DOTUSDT,A,2.181,8598.5
1767631364170,DOGEUSDT,B,0.14993,65916
1767631364170,DOGEUSDT,B,0.14992,120268
1767631364170,DOGEUSDT,B,0.14991,100558
1767631364170,DOGEUSDT,B,0.1499,97752
1767631364170,DOGEUSDT,B,0.14989,249200
1767631364170,DOGEUSDT,B,0.14988,197554
1767631364170,DOGEUSDT,B,0.14987,158931
1767631364170,DOGEUSDT,B,0.14986,328780
1767631364170,DOGEUSDT,B,0.14985,211404
1767631364170,DOGEUSDT,B,0.14983,204297
1767631364170,DOGEUSDT,B,0.14968,399741
1767631364170,DOGEUSDT,B,0.14966,141487
1767631364170,DOGEUSDT,B,0.14965,500004
1767631364170,DOGEUSDT,B,0.14963,316204
1767631364170,DOGEUSDT,B,0.14961,145459
1767631364170,DOGEUSDT,B,0.14917,2.30254e+06
1767631364170,DOGEUSDT,B,0.14916,2313
1767631364170,DOGEUSDT,B,0.14915,112
1767631364170,DOGEUSDT,B,0.13496,439
1767631364170,DOGEUSDT,A,0.14994,222
1767631364170,DOGEUSDT,A,0.14995,7824
1767631364170,DOGEUSDT,A,0.14996,10577
1767631364170,DOGEUSDT,A,0.14997,25386
1767631364170,DOGEUSDT,A,0.14998,73428
1767631364170,DOGEUSDT,A,0.14999,85189
1767631364170,DOGEUSDT,A,0.15004,234189
1767631364170,DOGEUSDT,A,0.15006,308036
1767631364170,DOGEUSDT,A,0.15007,212600
1767631364170,DOGEUSDT,A,0.15012,135970
1767631364170,DOGEUSDT,A,0.15016,270512
1767631364170,DOGEUSDT,A,0.15019,239234
1767631364170,DOGEUSDT,A,0.15023,132364
1767631364170,DOGEUSDT,A,0.15024,130709
1767631364170,DOGEUSDT,A,0.15027,630485
1767631364170,DOGEUSDT,A,0.15031,513169
1767631364170,DOGEUSDT,A,0.15067,36518
1767631364170,DOGEUSDT,A,0.15068,168
1767631364170,DOGEUSDT,A,0.15069,82435
1767631364188,SOLUSDT,B,135.19,799.956
1767631364188,SOLUSDT,B,135.18,521.294
1767631364188,SOLUSDT,B,135.17,492.242
1767631364188,SOLUSDT,B,135.16,185.088
1767631364188,SOLUSDT,B,135.15,102.973
1767631364188,SOLUSDT,B,135.14,238.951
1767631364188,SOLUSDT,B,135.12,250.914
1767631364188,SOLUSDT,B,135.11,290.815
1767631364188,SOLUSDT,B,135.1,341.967
1767631364188,SOLUSDT,B,135.09,372.175
1767631364188,SOLUSDT,B,135.08,767.826
1767631364188,SOLUSDT,B,135.06,327.051
1767631364188,SOLUSDT,B,134.88,614.599
1767631364188,SOLUSDT,B,134.87,258.02
1767631364188,SOLUSDT,B,134.83,1737.83
1767631364188,SOLUSDT,B,134.42,1921.11
1767631364188,SOLUSDT,A,135.19,0
1767631364188,SOLUSDT,A,135.2,127.482
1767631364188,SOLUSDT,A,135.21,315.455
1767631364188,SOLUSDT,A,135.22,519.879
1767631364188,SOLUSDT,A,135.23,612.518
1767631364188,SOLUSDT,A,135.24,1366.72
1767631364188,SOLUSDT,A,135.25,402.933
1767631364188,SOLUSDT,A,135.26,940.352
1767631364188,SOLUSDT,A,135.27,1226.77
1767631364188,SOLUSDT,A,135.28,358.997
1767631364188,SOLUSDT,A,135.29,963.241
1767631364188,SOLUSDT,A,135.33,992.951
1767631364188,SOLUSDT,A,135.38,408.372
1767631364188,SOLUSDT,A,135.4,383.881
1767631364188,SOLUSDT,A,135.46,260.398
1767631364188,SOLUSDT,A,135.58,180.3
1767631364188,SOLUSDT,A,135.61,72.142
1767631364188,SOLUSDT,A,135.62,167.078
1767631364188,SOLUSDT,A,135.64,251.194
1767631364188,SOLUSDT,A,135.65,1028.5
1767631364188,SOLUSDT,A,135.66,68.437
1767631364188,SOLUSDT,A,135.68,32.438
1767631364188,SOLUSDT,A,135.71,48.026
1767631364188,SOLUSDT,A,135.75,3.089
1767631364188,SOLUSDT,A,135.76,27.887
1767631364188,SOLUSDT,A,135.91,342.318
1767631364188,SOLUSDT,A,135.94,1785.66
1767631364188,SOLUSDT,A,135.95,819.662
1767631364192,LTCUSDT,B,82.99,112.82
1767631364192,LTCUSDT,B,82.93,200.997
1767631364192,LTCUSDT,B,82.85,437.516
1767631364192,LTCUSDT,A,83,58.884
1767631364192,LTCUSDT,A,83.02,105.859
1767631364199,BNBUSDT,B,904.86,15.464
1767631364199,BNBUSDT,B,904.74,2.751
1767631364199,BNBUSDT,B,904.68,1.267
1767631364199,BNBUSDT,B,904.65,1.77
1767631364199,BNBUSDT,B,903.94,14.056
1767631364199,BNBUSDT,A,904.91,0.756
1767631364199,BNBUSDT,A,904.93,3.922
1767631364199,BNBUSDT,A,904.96,0.239
1767631364199,BNBUSDT,A,905,0.251
1767631364199,BNBUSDT,A,905.01,4.396
1767631364199,BNBUSDT,A,905.02,5.293
1767631364199,BNBUSDT,A,905.05,12.72
1767631364199,BNBUSDT,A,905.06,4.828
1767631364199,BNBUSDT,A,905.07,11.192
1767631364200,ADAUSDT,B,0.4127,26788.8
1767631364200,ADAUSDT,B,0.4126,59466.3
1767631364200,ADAUSDT,B,0.4125,68874.3
1767631364200,ADAUSDT,B,0.4124,94039.3
1767631364200,ADAUSDT,B,0.4123,112459
1767631364200,ADAUSDT,B,0.4121,69698.2
1767631364200,ADAUSDT,B,0.4117,123319
1767631364200,ADAUSDT,B,0.4116,118995
1767631364200,ADAUSDT,B,0.4114,41160.7
1767631364200,ADAUSDT,B,0.4111,48365
1767631364200,ADAUSDT,B,0.411,32143.7
1767631364200,ADAUSDT,B,0.4106,17320
1767631364200,ADAUSDT,B,0.4092,63241.7
1767631364200,ADAUSDT,B,0.4087,17581.8
1767631364200,ADAUSDT,A,0.4127,0
1767631364200,ADAUSDT,A,0.4128,12383.5
1767631364200,ADAUSDT,A,0.4129,20369.6
1767631364200,ADAUSDT,A,0.413,45819.9
1767631364200,ADAUSDT,A,0.4131,67541.5
1767631364200,ADAUSDT,A,0.4132,26639.7
1767631364200,ADAUSDT,A,0.4134,22320.3
1767631364200,ADAUSDT,A,0.4137,70944.3
1767631364200,ADAUSDT,A,0.4146,40057.7
1767631364200,ADAUSDT,A,0.4169,93500.5
1767631364200,ADAUSDT,A,0.4203,80.7
1767631364214,BTCUSDT,B,93745,4.66321
1767631364214,BTCUSDT,B,93744.6,0.0005
1767631364214,BTCUSDT,B,93744.6,0.00012
1767631364214,BTCUSDT,B,93744.6,0.00012
1767631364214,BTCUSDT,B,93744.5,0.3524
1767631364214,BTCUSDT,B,93744.5,0.00174
1767631364214,BTCUSDT,B,93744.2,0
1767631364214,BTCUSDT,B,93744,0.02277
1767631364214,BTCUSDT,B,93744,0.00021
1767631364214,BTCUSDT,B,93743.6,0.22042
1767631364214,BTCUSDT,B,93743.6,0
1767631364214,BTCUSDT,B,93743.5,0
1767631364214,BTCUSDT,B,93743,0.01082
1767631364214,BTCUSDT,B,93743,0
1767631364214,BTCUSDT,B,93742.2,0.02437
1767631364214,BTCUSDT,B,93741.7,6e-05
1767631364214,BTCUSDT,B,93741.6,0
1767631364214,BTCUSDT,B,93741.5,0.00256
1767631364214,BTCUSDT,B,93740.1,0
1767631364214,BTCUSDT,B,93739.6,0
1767631364214,BTCUSDT,B,93739.4,0.02018
1767631364214,BTCUSDT,B,93739.1,0.00256
1767631364214,BTCUSDT,B,93739.1,0
1767631364214,BTCUSDT,B,93738.4,0
1767631364214,BTCUSDT,B,93738.4,0.86304
1767631364214,BTCUSDT,B,93738.4,2.56008
1767631364214,BTCUSDT,B,93738.3,0
1767631364214,BTCUSDT,B,93738.3,0.06
1767631364214,BTCUSDT,B,93738.2,0.00058
1767631364214,BTCUSDT,B,93738,0.01336
1767631364214,BTCUSDT,B,93736.8,0.00256
1767631364214,BTCUSDT,B,93736,0.01336
1767631364214,BTCUSDT,B,93735.6,0.27006
1767631364214,BTCUSDT,B,93733.8,0
1767631364214,BTCUSDT,B,93733.3,0.00011
1767631364214,BTCUSDT,B,93733.1,0.10667
1767631364214,BTCUSDT,B,93733,0
1767631364214,BTCUSDT,B,93732.6,0.10674
1767631364214,BTCUSDT,B,93732.5,0.38416
1767631364214,BTCUSDT,B,93732.5,0.15194
1767631364214,BTCUSDT,B,93732.1,0
1767631364214,BTCUSDT,B,93731.8,0.00306
1767631364214,BTCUSDT,B,93731.7,6e-05
1767631364214,BTCUSDT,B,93731.5,0
1767631364214,BTCUSDT,B,93730.4,0
1767631364214,BTCUSDT,B,93730,0
1767631364214,BTCUSDT,B,93729.9,6e-05
1767631364214,BTCUSDT,B,93729.8,0
1767631364214,BTCUSDT,B,93728.1,0
1767631364214,BTCUSDT,B,93728,0
1767631364214,BTCUSDT,B,93727.2,0.00308
1767631364214,BTCUSDT,B,93726.2,0.00013
1767631364214,BTCUSDT,B,93723.4,0.00396
1767631364214,BTCUSDT,B,93723,0.042
1767631364214,BTCUSDT,B,93722,0.042
1767631364214,BTCUSDT,B,93721.9,6e-05
1767631364214,BTCUSDT,B,93717.4,0
1767631364214,BTCUSDT,B,93713.7,0
1767631364214,BTCUSDT,B,93712.2,0
1767631364214,BTCUSDT,B,93709.6,0
1767631364214,BTCUSDT,B,93704.2,0
1767631364214,BTCUSDT,B,93698,0
1767631364214,BTCUSDT,B,93690.3,0
1767631364214,BTCUSDT,B,93684.8,0
1767631364214,BTCUSDT,B,93684.8,0.02839
1767631364214,BTCUSDT,B,93681.7,0.00434
1767631364214,BTCUSDT,B,93681,0.01132
1767631364214,BTCUSDT,B,93670.7,0.04336
1767631364214,BTCUSDT,B,93668.1,0
1767631364214,BTCUSDT,B,93667.7,0.41725
1767631364214,BTCUSDT,B,93667.1,0.00266
1767631364214,BTCUSDT,B,93664.6,0
1767631364214,BTCUSDT,B,93654.8,0.00111
1767631364214,BTCUSDT,B,93654.7,0
1767631364214,BTCUSDT,B,93652.5,0.01741
1767631364214,BTCUSDT,B,93649.6,0
1767631364214,BTCUSDT,B,93649.6,0.042
1767631364214,BTCUSDT,B,93636.4,0
1767631364214,BTCUSDT,B,93635.5,0.02797
1767631364214,BTCUSDT,B,93609.4,0
1767631364214,BTCUSDT,B,93461.4,0
1767631364214,BTCUSDT,B,93363.4,0.0001
1767631364214,BTCUSDT,B,92915.8,0
1767631364214,BTCUSDT,B,92345.9,0.01
1767631364214,BTCUSDT,B,90512.8,0.01
1767631364214,BTCUSDT,B,88272.4,0.01
1767631364214,BTCUSDT,B,84370.5,0.00042
1767631364214,BTCUSDT,A,93745,0.24391
1767631364214,BTCUSDT,A,93745.1,0.00105
1767631364214,BTCUSDT,A,93745.1,0.00027
1767631364214,BTCUSDT,A,93745.1,0
1767631364214,BTCUSDT,A,93745.1,0
1767631364214,BTCUSDT,A,93745.6,0
1767631364214,BTCUSDT,A,93745.8,0.02427
1767631364214,BTCUSDT,A,93746,0.00109
1767631364214,BTCUSDT,A,93746.2,0
1767631364214,BTCUSDT,A,93746.5,0
1767631364214,BTCUSDT,A,93746.7,0
1767631364214,BTCUSDT,A,93746.8,6e-05
1767631364214,BTCUSDT,A,93747,0.01556
1767631364214,BTCUSDT,A,93747.3,0.00107
1767631364214,BTCUSDT,A,93747.7,0
1767631364214,BTCUSDT,A,93747.8,0
1767631364214,BTCUSDT,A,93747.8,0
1767631364214,BTCUSDT,A,93747.9,0
1767631364214,BTCUSDT,A,93748,0.003
1767631364214,BTCUSDT,A,93748.6,0
1767631364214,BTCUSDT,A,93748.9,0
1767631364214,BTCUSDT,A,93749.1,0
1767631364214,BTCUSDT,A,93750,0.00121
1767631364214,BTCUSDT,A,93750,0
1767631364214,BTCUSDT,A,93750.2,0.00012
1767631364214,BTCUSDT,A,93750.3,0.05424
1767631364214,BTCUSDT,A,93750.3,0.15018
1767631364214,BTCUSDT,A,93751.3,0.00306
1767631364214,BTCUSDT,A,93751.8,0.02331
1767631364214,BTCUSDT,A,93752,0.00306
1767631364214,BTCUSDT,A,93752,0.00198
1767631364214,BTCUSDT,A,93753.2,0.0025
1767631364214,BTCUSDT,A,93754,0.00186
1767631364214,BTCUSDT,A,93754.4,0.10429
1767631364214,BTCUSDT,A,93754.4,0.27012
1767631364214,BTCUSDT,A,93755,0
1767631364214,BTCUSDT,A,93755.3,0
1767631364214,BTCUSDT,A,93756.5,0
1767631364214,BTCUSDT,A,93758.5,0.00048
1767631364214,BTCUSDT,A,93759,0.00048
1767631364214,BTCUSDT,A,93760.8,0.05367
1767631364214,BTCUSDT,A,93762.1,0
1767631364214,BTCUSDT,A,93765,0
1767631364214,BTCUSDT,A,93766.1,0.00011
1767631364214,BTCUSDT,A,93768,1.84716
1767631364214,BTCUSDT,A,93769.4,0.147
1767631364214,BTCUSDT,A,93769.5,0.02241
1767631364214,BTCUSDT,A,93769.8,2.55996
1767631364214,BTCUSDT,A,93770.5,0.126
1767631364214,BTCUSDT,A,93773.7,0
1767631364214,BTCUSDT,A,93778.4,0
1767631364214,BTCUSDT,A,93779.4,0
1767631364214,BTCUSDT,A,93780.5,0.53586
1767631364214,BTCUSDT,A,93786.3,0
1767631364214,BTCUSDT,A,93788.8,0.01137
1767631364214,BTCUSDT,A,93790.1,0
1767631364214,BTCUSDT,A,93790.8,0.38392
1767631364214,BTCUSDT,A,93791.1,0
1767631364214,BTCUSDT,A,93792.3,0
1767631364214,BTCUSDT,A,93792.5,0
1767631364214,BTCUSDT,A,93792.6,0
1767631364214,BTCUSDT,A,93792.6,0.03201
1767631364214,BTCUSDT,A,93792.8,0
1767631364214,BTCUSDT,A,93793.4,0.01137
1767631364214,BTCUSDT,A,93794.1,0.08
1767631364214,BTCUSDT,A,93794.6,0
1767631364214,BTCUSDT,A,93798.3,0.03301
1767631364214,BTCUSDT,A,93803.2,0.00427
1767631364214,BTCUSDT,A,93806.3,0
1767631364214,BTCUSDT,A,93807.2,0.78775
1767631364214,BTCUSDT,A,93811.1,0
1767631364214,BTCUSDT,A,93814.8,0
1767631364214,BTCUSDT,A,93819.2,2.55996
1767631364214,BTCUSDT,A,93821.5,0.41657
1767631364214,BTCUSDT,A,93827.8,0.00109
1767631364214,BTCUSDT,A,93828.5,2.55996
1767631364214,BTCUSDT,A,93829.4,0.00265
1767631364214,BTCUSDT,A,93839.1,0.126
1767631364214,BTCUSDT,A,93841.9,0
1767631364214,BTCUSDT,A,93843.4,0.147
1767631364214,BTCUSDT,A,93851.3,0
1767631364214,BTCUSDT,A,93860.6,0
1767631364214,BTCUSDT,A,93908,0
1767631364214,BTCUSDT,A,93918.2,0.01418
1767631364214,BTCUSDT,A,93922.6,0.00106
1767631364214,BTCUSDT,A,93958.8,0.6999
1767631364214,BTCUSDT,A,93960.4,0
1767631364214,BTCUSDT,A,94009.5,0.00011
1767631364214,BTCUSDT,A,94010.6,0
1767631364214,BTCUSDT,A,94069.2,0.02944
1767631364220,ETHUSDT,B,3179.56,79.4946
1767631364220,ETHUSDT,B,3179.55,0.0051
1767631364220,ETHUSDT,B,3179.54,0.05
1767631364220,ETHUSDT,B,3179.52,0
1767631364220,ETHUSDT,B,3179.51,0
1767631364220,ETHUSDT,B,3179.5,0
1767631364220,ETHUSDT,B,3179.49,0
1767631364220,ETHUSDT,B,3179.48,0
1767631364220,ETHUSDT,B,3179.47,0
1767631364220,ETHUSDT,B,3179.46,0
1767631364220,ETHUSDT,B,3179.45,5.2522
1767631364220,ETHUSDT,B,3179.44,0.6523
1767631364220,ETHUSDT,B,3179.43,8.2611
1767631364220,ETHUSDT,B,3179.42,0.0017
1767631364220,ETHUSDT,B,3179.41,0.0517
1767631364220,ETHUSDT,B,3179.4,0.0033
1767631364220,ETHUSDT,B,3179.29,0.322
1767631364220,ETHUSDT,B,3179.28,0.05
1767631364220,ETHUSDT,B,3179.25,0.0016
1767631364220,ETHUSDT,B,3179.24,1.2629
1767631364220,ETHUSDT,B,3179.16,3.1427
1767631364220,ETHUSDT,B,3179,0.0164
1767631364220,ETHUSDT,B,3178.72,4.6856
1767631364220,ETHUSDT,B,3178.7,0.1573
1767631364220,ETHUSDT,B,3178.66,1.05
1767631364220,ETHUSDT,B,3178.63,0.5
1767631364220,ETHUSDT,B,3178.24,0
1767631364220,ETHUSDT,B,3177.9,2.024
1767631364220,ETHUSDT,B,3177.69,17.8181
1767631364220,ETHUSDT,B,3177.61,0.4814
1767631364220,ETHUSDT,B,3177.21,0.2159
1767631364220,ETHUSDT,B,3177.13,0
1767631364220,ETHUSDT,B,3176.57,18.2845
1767631364220,ETHUSDT,B,3176.12,0.45
1767631364220,ETHUSDT,B,3176.09,0.0032
1767631364220,ETHUSDT,B,3175.92,0.1606
1767631364220,ETHUSDT,B,3175.16,3.5745
1767631364220,ETHUSDT,B,3174.48,2.7
1767631364220,ETHUSDT,B,3174.38,3.1455
1767631364220,ETHUSDT,B,3174.13,0
1767631364220,ETHUSDT,B,3174.03,0.9179
1767631364220,ETHUSDT,B,3172.81,0.01
1767631364220,ETHUSDT,B,3171.39,35.0871
1767631364220,ETHUSDT,B,2861.61,0.0078
1767631364220,ETHUSDT,B,2861.49,0.0021
1767631364220,ETHUSDT,A,3179.44,0
1767631364220,ETHUSDT,A,3179.45,0
1767631364220,ETHUSDT,A,3179.46,0
1767631364220,ETHUSDT,A,3179.47,0
1767631364220,ETHUSDT,A,3179.48,0
1767631364220,ETHUSDT,A,3179.49,0
1767631364220,ETHUSDT,A,3179.5,0
1767631364220,ETHUSDT,A,3179.51,0
1767631364220,ETHUSDT,A,3179.52,0
1767631364220,ETHUSDT,A,3179.53,0
1767631364220,ETHUSDT,A,3179.55,0
1767631364220,ETHUSDT,A,3179.56,0
1767631364220,ETHUSDT,A,3179.57,10.1151
1767631364220,ETHUSDT,A,3179.58,0.0017
1767631364220,ETHUSDT,A,3179.61,0.0017
1767631364220,ETHUSDT,A,3179.62,0.0043
1767631364220,ETHUSDT,A,3179.65,0.0017
1767631364220,ETHUSDT,A,3179.66,0.0017
1767631364220,ETHUSDT,A,3179.67,0.0017
1767631364220,ETHUSDT,A,3179.7,0.0033
1767631364220,ETHUSDT,A,3179.71,0.0017
1767631364220,ETHUSDT,A,3179.72,0.0017
1767631364220,ETHUSDT,A,3179.73,0.0017
1767631364220,ETHUSDT,A,3179.74,0
1767631364220,ETHUSDT,A,3179.75,0
1767631364220,ETHUSDT,A,3179.76,0
1767631364220,ETHUSDT,A,3179.77,0.0252
1767631364220,ETHUSDT,A,3179.78,0.0034
1767631364220,ETHUSDT,A,3179.79,0.1641
1767631364220,ETHUSDT,A,3179.82,0.3962
1767631364220,ETHUSDT,A,3179.84,0.0019
1767631364220,ETHUSDT,A,3179.85,0.005
1767631364220,ETHUSDT,A,3179.87,0.0034
1767631364220,ETHUSDT,A,3179.93,0.1087
1767631364220,ETHUSDT,A,3179.98,0.3176
1767631364220,ETHUSDT,A,3179.99,0
1767631364220,ETHUSDT,A,3180.03,0.0049
1767631364220,ETHUSDT,A,3180.04,1.4473
1767631364220,ETHUSDT,A,3180.16,1.2225
1767631364220,ETHUSDT,A,3180.21,1.0918
1767631364220,ETHUSDT,A,3180.22,1.5399
1767631364220,ETHUSDT,A,3180.25,1.0759
1767631364220,ETHUSDT,A,3180.3,0.6836
1767631364220,ETHUSDT,A,3180.31,0.9016
1767631364220,ETHUSDT,A,3180.32,13.3219
1767631364220,ETHUSDT,A,3180.37,36.814
1767631364220,ETHUSDT,A,3180.38,0
1767631364220,ETHUSDT,A,3180.47,0.0016
1767631364220,ETHUSDT,A,3180.53,3.1427
1767631364220,ETHUSDT,A,3180.63,1.0816
1767631364220,ETHUSDT,A,3180.67,0.1569
1767631364220,ETHUSDT,A,3180.74,0.36
1767631364220,ETHUSDT,A,3180.81,1.5145
1767631364220,ETHUSDT,A,3180.94,35.8658
1767631364220,ETHUSDT,A,3180.95,0.1245
1767631364220,ETHUSDT,A,3181.05,0.1016
1767631364220,ETHUSDT,A,3181.11,17.6881
1767631364220,ETHUSDT,A,3181.17,5.661
1767631364220,ETHUSDT,A,3181.36,0
1767631364220,ETHUSDT,A,3181.81,3.735
1767631364220,ETHUSDT,A,3182.15,0.9
1767631364220,ETHUSDT,A,3182.16,0.0484
1767631364220,ETHUSDT,A,3182.18,2.0158
1767631364220,ETHUSDT,A,3182.49,0
1767631364220,ETHUSDT,A,3182.5,1.4098
1767631364220,ETHUSDT,A,3182.61,0.945
1767631364220,ETHUSDT,A,3183.3,0.0052
1767631364220,ETHUSDT,A,3185.44,3.7385
1767631364220,ETHUSDT,A,3188.91,36.69
1767631364222,XRPUSDT,B,2.1817,9568.9
1767631364222,XRPUSDT,B,2.1816,19929.3
1767631364222,XRPUSDT,B,2.1815,21579.1
1767631364222,XRPUSDT,B,2.1814,23458.2
1767631364222,XRPUSDT,B,2.1813,12535.1
1767631364222,XRPUSDT,B,2.1811,12815.1
1767631364222,XRPUSDT,B,2.181,7273.5
1767631364222,XRPUSDT,B,2.1807,5940
1767631364222,XRPUSDT,B,2.1797,20697.7
1767631364222,XRPUSDT,B,2.1772,20858
1767631364222,XRPUSDT,B,2.1771,95199.1
1767631364222,XRPUSDT,B,2.1765,11045.6
1767631364222,XRPUSDT,B,2.174,122226
1767631364222,XRPUSDT,A,2.1818,5809.9
1767631364222,XRPUSDT,A,2.1819,6098.7
1767631364222,XRPUSDT,A,2.182,10022.5
1767631364222,XRPUSDT,A,2.1821,1936.5
1767631364222,XRPUSDT,A,2.1822,2441.4
1767631364222,XRPUSDT,A,2.1823,18511
1767631364222,XRPUSDT,A,2.1824,36138.7
1767631364222,XRPUSDT,A,2.1825,18002.8
1767631364222,XRPUSDT,A,2.1826,21195.4
1767631364222,XRPUSDT,A,2.1827,24414.9
1767631364222,XRPUSDT,A,2.1828,1975.3
1767631364222,XRPUSDT,A,2.1893,4000.2
1767631364222,XRPUSDT,A,2.1894,724
1767631364222,XRPUSDT,A,2.1897,3592.3
1767631364266,DOTUSDT,B,2.176,11194.8
1767631364266,DOTUSDT,B,2.172,2526.58
1767631364266,DOTUSDT,B,2.171,7541.94
1767631364266,DOTUSDT,B,2.169,20288
1767631364266,DOTUSDT,A,2.179,3751.66
1767631364266,DOTUSDT,A,2.185,3455.12
1767631364267,DOGEUSDT,B,0.14993,65859
1767631364267,DOGEUSDT,B,0.14989,266277
1767631364267,DOGEUSDT,B,0.14986,283570
1767631364267,DOGEUSDT,B,0.14969,401852
1767631364267,DOGEUSDT,B,0.14968,394780
1767631364267,DOGEUSDT,B,0.14948,162
1767631364267,DOGEUSDT,B,0.14947,109895
1767631364267,DOGEUSDT,B,0.13496,483
1767631364267,DOGEUSDT,A,0.14994,1784
1767631364267,DOGEUSDT,A,0.14995,7824
1767631364267,DOGEUSDT,A,0.14996,220
1767631364267,DOGEUSDT,A,0.15007,205709
1767631364267,DOGEUSDT,A,0.15082,30540
1767631364267,DOGEUSDT,A,0.1514,6359
1767631364288,SOLUSDT,B,135.19,800.104
1767631364288,SOLUSDT,B,135.16,195.582
1767631364288,SOLUSDT,B,135.13,248.53
1767631364288,SOLUSDT,B,135.12,254.612
1767631364288,SOLUSDT,B,135.09,368.476
1767631364288,SOLUSDT,B,134.98,224.432
1767631364288,SOLUSDT,B,134.43,747.53
1767631364288,SOLUSDT,A,135.2,164.253
1767631364288,SOLUSDT,A,135.21,309.347
1767631364288,SOLUSDT,A,135.22,516.879
1767631364288,SOLUSDT,A,135.24,1369.72
1767631364288,SOLUSDT,A,135.46,239.316
1767631364288,SOLUSDT,A,135.57,1216.57
1767631364288,SOLUSDT,A,135.65,1049.55
1767631364288,SOLUSDT,A,135.84,194.56
1767631364288,SOLUSDT,A,135.91,364.449
1767631364288,SOLUSDT,A,138,5562.99
1767631364294,LTCUSDT,A,83,58.823
1767631364294,LTCUSDT,A,83.05,197.869
1767631364300,BNBUSDT,B,904.86,12.544
1767631364300,BNBUSDT,B,904.72,0.013
1767631364300,BNBUSDT,B,904.67,2.212
1767631364300,BNBUSDT,B,900.84,0
1767631364300,BNBUSDT,B,900.33,0.012
1767631364300,BNBUSDT,B,895.83,0.273
1767631364300,BNBUSDT,B,891.35,0.009
1767631364300,BNBUSDT,B,886.89,0.078
1767631364300,BNBUSDT,B,882.46,0.051
1767631364300,BNBUSDT,B,878.05,0.014
1767631364300,BNBUSDT,B,873.66,0.04
1767631364300,BNBUSDT,B,869.29,0
1767631364300,BNBUSDT,B,864.94,0
1767631364300,BNBUSDT,B,860.62,0.006
1767631364300,BNBUSDT,B,856.31,1.293
1767631364300,BNBUSDT,B,852.03,0.105
1767631364300,BNBUSDT,A,904.96,2.141
