ts,symbol,price,qty
1767631363471,XRPUSDT,2.1815,2.5
1767631363471,XRPUSDT,2.1815,2.5
1767631363472,XRPUSDT,2.1815,2.5
1767631363472,XRPUSDT,2.1815,2.5
1767631363472,XRPUSDT,2.1815,2.5
1767631363472,XRPUSDT,2.1815,2.5
1767631363472,XRPUSDT,2.1815,2.4
1767631363472,XRPUSDT,2.1815,2.4
1767631363472,XRPUSDT,2.1815,2.4
1767631363473,XRPUSDT,2.1815,2.4
1767631363473,XRPUSDT,2.1815,2.5
1767631363545,XRPUSDT,2.1814,2.5
1767631363546,XRPUSDT,2.1814,2.5
1767631363546,XRPUSDT,2.1814,2.5
1767631363546,XRPUSDT,2.1814,2.4
1767631363547,XRPUSDT,2.1814,2.4
1767631363547,XRPUSDT,2.1814,2.4
1767631363547,XRPUSDT,2.1814,2.5
1767631363547,XRPUSDT,2.1814,2.5
1767631363547,XRPUSDT,2.1814,2.5
1767631363547,XRPUSDT,2.1814,2.5
1767631363548,XRPUSDT,2.1814,2.5
1767631363714,DOGEUSDT,0.1499,10573
1767631363715,DOGEUSDT,0.1499,7
1767631363715,DOGEUSDT,0.1499,7
1767631363715,DOGEUSDT,0.1499,7
1767631363715,DOGEUSDT,0.1499,7
1767631363715,DOGEUSDT,0.1499,7
1767631363716,DOGEUSDT,0.1499,165
1767631363716,DOGEUSDT,0.1499,34
1767631363716,DOGEUSDT,0.1499,1564
1767631363716,DOGEUSDT,0.1499,601
1767631363716,BTCUSDT,93730.4,9e-05
1767631363717,BTCUSDT,93730.4,9e-05
1767631363717,BTCUSDT,93730.4,9e-05
1767631363717,BTCUSDT,93730.4,9e-05
1767631363718,BTCUSDT,93730.4,0.00924
1767631363731,BTCUSDT,93730.4,0.0006
1767631363823,ADAUSDT,0.4126,13.3
1767631363862,BTCUSDT,93730.4,0.05118
1767631363862,BTCUSDT,93730.4,0.00012
1767631363862,BTCUSDT,93730.4,0.00012
1767631363863,BTCUSDT,93730.4,0.00012
1767631363863,BTCUSDT,93730.4,6e-05
1767631363863,BTCUSDT,93730.4,9e-05
1767631363863,BTCUSDT,93730.4,6e-05
1767631363863,BTCUSDT,93730.4,9e-05
1767631363864,BTCUSDT,93730.4,9e-05
1767631363864,BTCUSDT,93730.4,9e-05
1767631363864,BTCUSDT,93730.4,6e-05
1767631363864,BTCUSDT,93730.4,6e-05
1767631363864,BTCUSDT,93730.4,9e-05
1767631363865,BTCUSDT,93730.4,6e-05
1767631363865,BTCUSDT,93730.4,6e-05
1767631363865,BTCUSDT,93730.4,6e-05
1767631363865,BTCUSDT,93730.4,0.00011
1767631363865,BTCUSDT,93730.4,0.0005
1767631363866,BTCUSDT,93730.4,0.001
1767631363866,BTCUSDT,93730.4,6e-05
1767631363866,BTCUSDT,93730.4,6e-05
1767631363866,BTCUSDT,93730.4,0.0005
1767631363866,BTCUSDT,93730.4,6e-05
1767631363867,BTCUSDT,93730.4,6e-05
1767631363867,BTCUSDT,93730.4,9e-05
1767631363867,BTCUSDT,93730.4,6e-05
1767631363867,BTCUSDT,93730.4,6e-05
1767631363867,BTCUSDT,93730.4,6e-05
1767631363868,BTCUSDT,93730.4,6e-05
1767631363868,BTCUSDT,93730.4,6e-05
1767631363868,BTCUSDT,93730.4,6e-05
1767631363868,BTCUSDT,93730.4,6e-05
1767631363868,BTCUSDT,93730.4,6e-05
1767631363868,BTCUSDT,93730.4,6e-05
1767631363869,BTCUSDT,93730.4,6e-05
1767631363869,BTCUSDT,93730.4,6e-05
1767631363869,BTCUSDT,93730.4,6e-05
1767631363869,BTCUSDT,93730.4,6e-05
1767631363869,BTCUSDT,93730.4,6e-05
1767631363870,BTCUSDT,93730.4,6e-05
1767631363870,BTCUSDT,93730.4,6e-05
1767631363870,BTCUSDT,93730.4,6e-05
1767631363870,BTCUSDT,93730.4,6e-05
1767631363870,BTCUSDT,93730.4,9e-05
1767631363871,BTCUSDT,93730.4,9e-05
1767631363871,BTCUSDT,93730.4,9e-05
1767631363871,BTCUSDT,93730.4,6e-05
1767631363871,BTCUSDT,93730.4,6e-05
1767631363871,BTCUSDT,93730.4,6e-05
1767631363872,BTCUSDT,93730.4,6e-05
1767631363872,BTCUSDT,93730.4,6e-05
1767631363872,BTCUSDT,93730.4,6e-05
1767631363872,BTCUSDT,93730.4,6e-05
1767631363872,BTCUSDT,93730.4,6e-05
1767631363873,BTCUSDT,93730.5,6e-05
1767631363873,BTCUSDT,93730.5,9e-05
1767631363873,BTCUSDT,93730.5,9e-05
1767631363873,BTCUSDT,93730.5,9e-05
1767631363873,BTCUSDT,93730.5,6e-05
1767631363874,BTCUSDT,93730.5,6e-05
1767631363874,BTCUSDT,93730.5,6e-05
1767631363875,BTCUSDT,93730.5,6e-05
1767631363876,BTCUSDT,93730.5,6e-05
1767631363877,BTCUSDT,93730.5,6e-05
1767631363877,BTCUSDT,93730.5,6e-05
1767631363878,BTCUSDT,93730.5,6e-05
1767631363878,BTCUSDT,93730.5,6e-05
1767631363878,BTCUSDT,93730.5,6e-05
1767631363878,BTCUSDT,93730.5,6e-05
1767631363879,BTCUSDT,93730.8,6e-05
1767631363879,BTCUSDT,93731.4,6e-05
1767631363879,BTCUSDT,93731.4,9e-05
1767631363879,BTCUSDT,93731.4,9e-05
1767631363879,BTCUSDT,93731.4,9e-05
1767631363880,BTCUSDT,93731.4,6e-05
1767631363880,BTCUSDT,93731.4,6e-05
1767631363880,BTCUSDT,93731.4,6e-05
1767631363880,BTCUSDT,93731.4,6e-05
1767631363880,BTCUSDT,93731.4,6e-05
1767631363881,BTCUSDT,93732,0.001
1767631363881,BTCUSDT,93732,9e-05
1767631363881,BTCUSDT,93732,6e-05
1767631363881,BTCUSDT,93732.2,6e-05
1767631363881,BTCUSDT,93732.4,6e-05
1767631363882,BTCUSDT,93732.6,0.00043
1767631363882,BTCUSDT,93732.6,9e-05
1767631363882,BTCUSDT,93733.2,6e-05
1767631363882,BTCUSDT,93733.2,6e-05
1767631363882,BTCUSDT,93733.2,6e-05
1767631363883,BTCUSDT,93733.3,6e-05
1767631363883,BTCUSDT,93733.8,0.00024
1767631363883,BTCUSDT,93734,0.001
1767631363883,BTCUSDT,93734,6e-05
1767631363883,BTCUSDT,93734.2,6e-05
1767631363884,BTCUSDT,93734.8,6e-05
1767631363884,BTCUSDT,93734.8,6e-05
1767631363884,BTCUSDT,93734.8,0.00032
1767631363884,BTCUSDT,93734.8,6e-05
1767631363885,BTCUSDT,93734.8,6e-05
1767631363885,BTCUSDT,93734.8,6e-05
1767631363885,BTCUSDT,93735.1,6e-05
1767631363885,BTCUSDT,93735.1,6e-05
1767631363885,BTCUSDT,93735.1,6e-05
1767631363885,BTCUSDT,93735.4,6e-05
1767631363886,BTCUSDT,93735.4,7e-05
1767631363886,BTCUSDT,93735.9,6e-05
1767631363886,BTCUSDT,93736,0.001
1767631363886,BTCUSDT,93736.1,0.00313
1767631363886,BTCUSDT,93736.1,0.02
1767631363887,BTCUSDT,93736.1,0.01
1767631363887,BTCUSDT,93736.8,6e-05
1767631363887,BTCUSDT,93736.8,6e-05
1767631363887,BTCUSDT,93736.8,6e-05
1767631363887,BTCUSDT,93737,0.00043
1767631363888,BTCUSDT,93737,6e-05
1767631363888,BTCUSDT,93737,6e-05
1767631363888,BTCUSDT,93737,6e-05
1767631363888,BTCUSDT,93737,0.003
1767631363888,BTCUSDT,93737,6e-05
1767631363889,BTCUSDT,93737,6e-05
1767631363889,BTCUSDT,93737,6e-05
1767631363889,BTCUSDT,93737.2,9e-05
1767631363889,BTCUSDT,93738,0.001
1767631363889,BTCUSDT,93738.3,6e-05
1767631363890,BTCUSDT,93738.3,6e-05
1767631363890,BTCUSDT,93738.3,6e-05
1767631363890,BTCUSDT,93738.3,0.02121
1767631363894,BTCUSDT,93738.3,0.0019
1767631363895,BTCUSDT,93738.3,0.00106
1767631363896,ETHUSDT,3179.44,0.094
1767631364019,XRPUSDT,2.1814,997.1
1767631364020,XRPUSDT,2.1814,2.5
1767631364020,XRPUSDT,2.1814,2.5
1767631364020,XRPUSDT,2.1814,2.5
1767631364021,XRPUSDT,2.1814,2.5
1767631364021,XRPUSDT,2.1814,2531.4
1767631364021,XRPUSDT,2.1814,252.8
1767631364022,XRPUSDT,2.1814,2.5
1767631364022,XRPUSDT,2.1814,2.5
1767631364022,XRPUSDT,2.1814,783.8
1767631364023,XRPUSDT,2.1814,66.9
1767631364023,XRPUSDT,2.1814,2.5
1767631364023,XRPUSDT,2.1814,2.5
1767631364026,SOLUSDT,135.17,0.037
1767631364027,SOLUSDT,135.17,0.039
1767631364028,SOLUSDT,135.17,0.039
1767631364028,SOLUSDT,135.17,0.039
1767631364029,SOLUSDT,135.17,0.039
1767631364029,SOLUSDT,135.17,0.039
1767631364029,SOLUSDT,135.17,0.039
1767631364030,SOLUSDT,135.17,0.076
1767631364030,SOLUSDT,135.17,25
1767631364030,SOLUSDT,135.17,0.8
1767631364031,SOLUSDT,135.17,0.038
1767631364031,SOLUSDT,135.17,25
1767631364031,SOLUSDT,135.17,0.322
1767631364032,SOLUSDT,135.17,0.038
1767631364032,DOGEUSDT,0.14991,608
1767631364032,DOGEUSDT,0.14991,1335
1767631364033,DOGEUSDT,0.14991,35
1767631364033,DOGEUSDT,0.14991,7
1767631364033,DOGEUSDT,0.14991,7
1767631364034,DOGEUSDT,0.14991,7
1767631364034,DOGEUSDT,0.14991,8
1767631364034,DOGEUSDT,0.14991,8
1767631364035,DOGEUSDT,0.14991,7
1767631364035,DOGEUSDT,0.14991,7
1767631364035,DOGEUSDT,0.14991,7
1767631364036,DOGEUSDT,0.14991,7
1767631364036,DOGEUSDT,0.14991,7
1767631364036,DOGEUSDT,0.14991,7
1767631364037,DOGEUSDT,0.14991,9
1767631364037,DOGEUSDT,0.14991,17005
1767631364037,SOLUSDT,135.17,0.039
1767631364038,SOLUSDT,135.17,0.039
1767631364038,BTCUSDT,93738.3,0.05689
1767631364038,BTCUSDT,93738.3,0.04
1767631364039,BTCUSDT,93738.3,6e-05
1767631364039,BTCUSDT,93738.3,9e-05
1767631364040,BTCUSDT,93738.3,6e-05
1767631364040,BTCUSDT,93738.3,6e-05
1767631364040,BTCUSDT,93738.3,6e-05
1767631364041,BTCUSDT,93738.3,6e-05
1767631364042,BTCUSDT,93738.3,6e-05
1767631364042,BTCUSDT,93738.3,9e-05
1767631364044,BTCUSDT,93738.3,9e-05
1767631364044,BTCUSDT,93738.3,9e-05
1767631364044,BTCUSDT,93738.3,9e-05
1767631364045,BTCUSDT,93738.3,9e-05
1767631364045,BTCUSDT,93738.3,0.00012
1767631364045,BTCUSDT,93738.3,0.02366
1767631364045,DOGEUSDT,0.14991,7
1767631364045,DOGEUSDT,0.14991,8
1767631364045,BTCUSDT,93738.3,9e-05
1767631364046,BTCUSDT,93738.3,6e-05
1767631364046,BTCUSDT,93738.3,9e-05
1767631364046,BTCUSDT,93738.3,6e-05
1767631364046,BTCUSDT,93738.3,6e-05
1767631364046,BTCUSDT,93738.3,6e-05
1767631364046,BTCUSDT,93738.3,6e-05
1767631364046,BTCUSDT,93738.3,6e-05
1767631364047,BTCUSDT,93738.3,6e-05
1767631364047,BTCUSDT,93738.3,6e-05
1767631364047,BTCUSDT,93738.3,0.00012
1767631364047,BTCUSDT,93738.3,0.09
1767631364047,BTCUSDT,93738.3,0.05617
1767631364047,BTCUSDT,93738.3,0.02383
1767631364047,BTCUSDT,93738.3,0.00012
1767631364047,BTCUSDT,93738.3,6e-05
1767631364048,BTCUSDT,93738.3,6e-05
1767631364048,BTCUSDT,93738.3,0.00048
1767631364048,BTCUSDT,93738.3,9e-05
1767631364048,BTCUSDT,93738.3,9e-05
1767631364048,BTCUSDT,93738.3,9e-05
1767631364048,BTCUSDT,93738.3,6e-05
1767631364048,BTCUSDT,93738.3,0.00011
1767631364048,BTCUSDT,93738.3,6e-05
1767631364049,BTCUSDT,93738.3,6e-05
1767631364049,BTCUSDT,93738.3,0.06398
1767631364049,BTCUSDT,93738.3,0.01014
1767631364049,BTCUSDT,93738.3,0.05384
1767631364049,BTCUSDT,93738.3,6e-05
1767631364049,BTCUSDT,93738.3,6e-05
1767631364050,BTCUSDT,93738.3,9e-05
1767631364050,BTCUSDT,93738.3,6e-05
1767631364050,BTCUSDT,93738.3,6e-05
1767631364050,BTCUSDT,93738.3,6e-05
1767631364050,BTCUSDT,93738.3,6e-05
1767631364050,BTCUSDT,93738.3,6e-05
1767631364050,BTCUSDT,93738.3,6e-05
1767631364050,BTCUSDT,93738.3,6e-05
1767631364051,BTCUSDT,93738.3,6e-05
1767631364051,BTCUSDT,93738.3,6e-05
1767631364051,BTCUSDT,93738.3,9e-05
1767631364051,BTCUSDT,93738.3,9e-05
1767631364051,BTCUSDT,93738.3,9e-05
1767631364051,BTCUSDT,93738.3,6e-05
1767631364051,BTCUSDT,93738.3,6e-05
1767631364051,BTCUSDT,93738.3,6e-05
1767631364052,BTCUSDT,93738.3,6e-05
1767631364052,BTCUSDT,93738.3,6e-05
1767631364052,BTCUSDT,93738.3,6e-05
1767631364052,BTCUSDT,93738.3,6e-05
1767631364052,BTCUSDT,93738.3,6e-05
1767631364052,BTCUSDT,93738.3,6e-05
1767631364052,BTCUSDT,93738.3,6e-05
1767631364052,BTCUSDT,93738.3,6e-05
1767631364053,BTCUSDT,93738.3,6e-05
1767631364053,BTCUSDT,93738.3,6e-05
1767631364053,BTCUSDT,93738.3,6e-05
1767631364053,BTCUSDT,93738.3,6e-05
1767631364053,BTCUSDT,93738.3,6e-05
1767631364053,BTCUSDT,93738.4,9e-05
1767631364053,BTCUSDT,93738.4,9e-05
1767631364053,BTCUSDT,93738.4,9e-05
1767631364054,BTCUSDT,93738.4,6e-05
1767631364054,BTCUSDT,93739.1,6e-05
1767631364054,BTCUSDT,93739.1,6e-05
1767631364054,BTCUSDT,93739.1,6e-05
1767631364054,BTCUSDT,93739.9,6e-05
1767631364054,BTCUSDT,93740,0.001
1767631364055,BTCUSDT,93740,6e-05
1767631364055,BTCUSDT,93740,9e-05
1767631364055,BTCUSDT,93740,6e-05
1767631364055,BTCUSDT,93740,6e-05
1767631364055,XRPUSDT,2.1815,2.5
1767631364055,XRPUSDT,2.1815,1178.3
1767631364055,XRPUSDT,2.1815,2.3
1767631364056,XRPUSDT,2.1815,2.5
1767631364056,XRPUSDT,2.1815,2.5
1767631364056,BTCUSDT,93741.6,6e-05
1767631364056,BTCUSDT,93742,0.001
1767631364056,BTCUSDT,93742,9e-05
1767631364056,BTCUSDT,93742,6e-05
1767631364057,BTCUSDT,93742.8,6e-05
1767631364057,BTCUSDT,93743,6e-05
1767631364057,BTCUSDT,93743,6e-05
1767631364057,BTCUSDT,93743,6e-05
1767631364058,BTCUSDT,93743,6e-05
1767631364058,BTCUSDT,93743,6e-05
1767631364059,BTCUSDT,93743,6e-05
1767631364059,BTCUSDT,93743,6e-05
1767631364059,BTCUSDT,93743,6e-05
1767631364059,BTCUSDT,93743,0.11119
1767631364060,BTCUSDT,93743,6e-05
1767631364060,BTCUSDT,93743,6e-05
1767631364060,ETHUSDT,3179.44,0.0033
1767631364060,ETHUSDT,3179.44,0.0026
1767631364060,ETHUSDT,3179.44,0.0026
1767631364060,ETHUSDT,3179.44,0.0026
1767631364060,ETHUSDT,3179.44,0.0026
1767631364060,ETHUSDT,3179.44,0.0026
1767631364061,ETHUSDT,3179.44,0.0026
1767631364061,ETHUSDT,3179.44,0.0026
1767631364061,ETHUSDT,3179.44,0.0026
1767631364061,ETHUSDT,3179.44,0.0026
1767631364061,ETHUSDT,3179.44,2.8069
1767631364061,ETHUSDT,3179.44,0.0033
1767631364061,ETHUSDT,3179.44,0.0031
1767631364061,ETHUSDT,3179.44,0.0115
1767631364062,BTCUSDT,93743.6,6e-05
1767631364062,BTCUSDT,93743.6,6e-05
1767631364062,BTCUSDT,93743.6,6e-05
1767631364062,BTCUSDT,93743.6,6e-05
1767631364062,BTCUSDT,93743.6,6e-05
1767631364062,BTCUSDT,93743.6,6e-05
1767631364062,BTCUSDT,93743.6,6e-05
1767631364062,BTCUSDT,93743.6,6e-05
1767631364063,BTCUSDT,93743.6,0.00053
1767631364063,BTCUSDT,93743.6,6e-05
1767631364063,BTCUSDT,93743.6,6e-05
1767631364063,BTCUSDT,93743.6,6e-05
1767631364063,BTCUSDT,93743.6,0.00192
1767631364063,BTCUSDT,93743.6,0.00108
1767631364063,BTCUSDT,93743.9,6e-05
1767631364063,BTCUSDT,93743.9,6e-05
1767631364064,BTCUSDT,93743.9,6e-05
1767631364064,BTCUSDT,93744,0.00057
1767631364064,XRPUSDT,2.1815,2.5
1767631364064,XRPUSDT,2.1815,2.5
1767631364064,XRPUSDT,2.1815,2.5
1767631364064,XRPUSDT,2.1815,2.5
1767631364064,XRPUSDT,2.1815,2.5
1767631364065,SOLUSDT,135.18,0.037
1767631364065,SOLUSDT,135.18,0.039
1767631364065,SOLUSDT,135.18,1.404
1767631364065,LTCUSDT,82.99,1.062
1767631364065,BTCUSDT,93744,0.00043
1767631364066,BTCUSDT,93744,0.002
1767631364066,BTCUSDT,93744,6e-05
1767631364066,BTCUSDT,93744,6e-05
1767631364066,BTCUSDT,93744,6e-05
1767631364066,BTCUSDT,93744,6e-05
1767631364066,BTCUSDT,93744.2,6e-05
1767631364066,BTCUSDT,93744.2,6e-05
1767631364067,BTCUSDT,93744.2,6e-05
1767631364067,BTCUSDT,93744.2,6e-05
1767631364067,BTCUSDT,93744.2,6e-05
1767631364067,BTCUSDT,93744.2,6e-05
1767631364067,BTCUSDT,93744.2,6e-05
1767631364067,BTCUSDT,93744.2,6e-05
1767631364067,BTCUSDT,93744.5,6e-05
1767631364068,BTCUSDT,93744.5,0.00102
1767631364068,BTCUSDT,93744.5,6e-05
1767631364068,BTCUSDT,93744.5,6e-05
1767631364068,BTCUSDT,93744.5,6e-05
1767631364068,BTCUSDT,93744.5,6e-05
1767631364068,BTCUSDT,93744.5,6e-05
1767631364068,BTCUSDT,93744.5,6e-05
1767631364068,BTCUSDT,93744.5,6e-05
1767631364069,BTCUSDT,93744.5,6e-05
1767631364069,BTCUSDT,93744.5,6e-05
1767631364069,BTCUSDT,93744.5,6e-05
1767631364069,BTCUSDT,93744.5,6e-05
1767631364069,LTCUSDT,82.99,0.972
1767631364069,LTCUSDT,82.99,1.207
1767631364070,BTCUSDT,93745,6e-05
1767631364070,BTCUSDT,93745,6e-05
1767631364070,BTCUSDT,93745,6e-05
1767631364070,BTCUSDT,93745,6e-05
1767631364070,BTCUSDT,93745,6e-05
1767631364070,BTCUSDT,93745,6e-05
1767631364070,BTCUSDT,93745,6e-05
1767631364071,BTCUSDT,93745,6e-05
1767631364071,BTCUSDT,93745,6e-05
1767631364071,BTCUSDT,93745,6e-05
1767631364071,BTCUSDT,93745,0.00189
1767631364071,ETHUSDT,3179.44,0.0017
1767631364071,ETHUSDT,3179.44,0.0017
1767631364072,ETHUSDT,3179.44,0.0017
1767631364072,ETHUSDT,3179.44,0.0033
1767631364072,ETHUSDT,3179.44,0.0017
1767631364072,ETHUSDT,3179.44,0.0017
1767631364072,ETHUSDT,3179.44,0.0096
1767631364073,ETHUSDT,3179.44,0.0026
1767631364073,ETHUSDT,3179.44,0.0026
1767631364073,ETHUSDT,3179.44,0.0026
1767631364073,ETHUSDT,3179.44,0.0026
1767631364073,ETHUSDT,3179.44,0.0026
1767631364073,ETHUSDT,3179.44,0.0026
1767631364073,ETHUSDT,3179.44,0.0026
1767631364074,ETHUSDT,3179.44,0.0034
1767631364074,ETHUSDT,3179.44,0.0017
1767631364074,ETHUSDT,3179.44,0.0026
1767631364074,ETHUSDT,3179.44,0.0026
1767631364074,ETHUSDT,3179.44,0.0017
1767631364075,ETHUSDT,3179.44,0.1305
1767631364075,ETHUSDT,3179.44,0.0017
1767631364075,ETHUSDT,3179.44,0.0017
1767631364075,ETHUSDT,3179.44,0.0017
1767631364076,ETHUSDT,3179.44,0.0017
1767631364076,ETHUSDT,3179.44,0.0026
1767631364076,ETHUSDT,3179.44,0.0026
1767631364076,ETHUSDT,3179.44,0.0026
1767631364076,ETHUSDT,3179.44,0.0017
1767631364076,ETHUSDT,3179.44,0.0914
1767631364076,BTCUSDT,93745,0.01461
1767631364077,BTCUSDT,93745,0.0374
1767631364077,SOLUSDT,135.18,0.075
1767631364077,SOLUSDT,135.18,0.039
1767631364077,SOLUSDT,135.18,0.039
1767631364077,SOLUSDT,135.18,0.038
1767631364077,SOLUSDT,135.18,0.038
1767631364077,SOLUSDT,135.18,0.039
1767631364078,SOLUSDT,135.18,0.039
1767631364078,SOLUSDT,135.18,0.039
1767631364078,SOLUSDT,135.18,0.038
1767631364078,SOLUSDT,135.18,0.039
1767631364078,SOLUSDT,135.18,0.037
1767631364078,SOLUSDT,135.18,0.159
1767631364078,SOLUSDT,135.18,0.039
1767631364078,SOLUSDT,135.18,0.039
1767631364079,LTCUSDT,82.99,4.496
1767631364079,XRPUSDT,2.1816,2.5
1767631364079,XRPUSDT,2.1816,11.2
1767631364079,XRPUSDT,2.1816,2.3
1767631364079,XRPUSDT,2.1816,3.5
1767631364079,XRPUSDT,2.1816,2.5
1767631364080,XRPUSDT,2.1816,2.5
1767631364080,XRPUSDT,2.1816,915.8
1767631364080,XRPUSDT,2.1816,2.5
1767631364080,XRPUSDT,2.1816,2.5
1767631364080,XRPUSDT,2.1816,2.5
1767631364080,XRPUSDT,2.1816,2.4
1767631364080,XRPUSDT,2.1816,2.4
1767631364081,XRPUSDT,2.1816,2.5
1767631364081,XRPUSDT,2.1816,2.5
1767631364081,XRPUSDT,2.1817,2.5
1767631364081,XRPUSDT,2.1817,2.3
1767631364081,XRPUSDT,2.1817,2.5
1767631364081,XRPUSDT,2.1817,2.5
1767631364081,XRPUSDT,2.1817,150
1767631364081,XRPUSDT,2.1817,2.5
1767631364082,XRPUSDT,2.1818,26
1767631364082,DOGEUSDT,0.14992,7
1767631364082,DOGEUSDT,0.14992,7
1767631364082,DOGEUSDT,0.14992,66
1767631364082,DOGEUSDT,0.14992,8
1767631364082,DOGEUSDT,0.14992,8
1767631364082,DOGEUSDT,0.14992,7
1767631364082,DOGEUSDT,0.14992,7
1767631364083,DOGEUSDT,0.14992,7
1767631364083,DOGEUSDT,0.14992,7
1767631364083,DOGEUSDT,0.14992,7
1767631364083,DOGEUSDT,0.14992,35
1767631364083,DOGEUSDT,0.14992,7
1767631364083,DOGEUSDT,0.14992,7
1767631364083,DOGEUSDT,0.14992,35
1767631364083,DOGEUSDT,0.14992,8
1767631364084,DOGEUSDT,0.14992,7
1767631364084,DOGEUSDT,0.14992,7
1767631364084,DOGEUSDT,0.14992,7
1767631364084,DOGEUSDT,0.14992,7
1767631364084,DOGEUSDT,0.14993,7
1767631364084,DOGEUSDT,0.14993,7
1767631364084,DOGEUSDT,0.14993,7
1767631364084,DOGEUSDT,0.14993,66
1767631364085,DOGEUSDT,0.14993,41
1767631364085,DOGEUSDT,0.14993,8
1767631364085,DOGEUSDT,0.14993,8
1767631364085,DOGEUSDT,0.14993,8
1767631364085,DOGEUSDT,0.14994,125
1767631364085,SOLUSDT,135.19,0.037
1767631364085,SOLUSDT,135.19,0.039
1767631364086,SOLUSDT,135.19,0.056
1767631364086,SOLUSDT,135.19,0.075
1767631364086,SOLUSDT,135.19,0.039
1767631364086,SOLUSDT,135.19,0.039
1767631364086,SOLUSDT,135.19,0.038
1767631364086,SOLUSDT,135.19,0.038
1767631364086,SOLUSDT,135.19,3
1767631364086,SOLUSDT,135.19,0.639
1767631364088,LTCUSDT,82.99,0.26
1767631364088,BTCUSDT,93745,0.00741
1767631364089,BTCUSDT,93745,0.0433
1767631364090,BNBUSDT,904.86,0.015
1767631364096,DOGEUSDT,0.14994,713
1767631364155,ETHUSDT,3179.44,0.0026
1767631364155,ETHUSDT,3179.44,0.0026
1767631364155,ETHUSDT,3179.44,0.0026
1767631364155,ETHUSDT,3179.44,0.0026
1767631364155,ETHUSDT,3179.44,0.0026
1767631364155,ETHUSDT,3179.44,0.0026
1767631364155,ETHUSDT,3179.44,0.0026
1767631364155,ETHUSDT,3179.44,0.0017
1767631364155,ETHUSDT,3179.44,0.0017
1767631364156,ETHUSDT,3179.44,0.0017
1767631364156,ETHUSDT,3179.44,0.0017
1767631364156,ETHUSDT,3179.44,0.0017
1767631364156,ETHUSDT,3179.44,0.0026
1767631364156,ETHUSDT,3179.44,0.0017
1767631364156,ETHUSDT,3179.44,0.0017
1767631364156,ETHUSDT,3179.44,0.0026
1767631364156,ETHUSDT,3179.44,0.0026
1767631364156,ETHUSDT,3179.44,0.0026
1767631364156,ETHUSDT,3179.44,0.0026
1767631364156,ETHUSDT,3179.44,0.0017
1767631364157,ETHUSDT,3179.44,0.0026
1767631364157,ETHUSDT,3179.44,0.0033
1767631364157,ETHUSDT,3179.44,0.0033
1767631364157,ETHUSDT,3179.45,0.0017
1767631364157,ETHUSDT,3179.46,0.052
1767631364158,ETHUSDT,3179.46,0.0026
1767631364158,ETHUSDT,3179.46,0.0017
1767631364159,ETHUSDT,3179.47,0.0017
1767631364159,ETHUSDT,3179.48,0.0017
1767631364159,ETHUSDT,3179.48,0.0017
1767631364159,ETHUSDT,3179.48,0.0017
1767631364159,ETHUSDT,3179.48,0.0017
1767631364160,ETHUSDT,3179.49,0.0017
1767631364160,ETHUSDT,3179.49,0.0026
1767631364160,ETHUSDT,3179.49,0.1573
1767631364160,ETHUSDT,3179.49,0.0017
1767631364160,ETHUSDT,3179.5,0.0148
1767631364160,ETHUSDT,3179.5,0.0016
1767631364160,ETHUSDT,3179.5,0.0017
1767631364160,ETHUSDT,3179.51,0.0017
1767631364160,ETHUSDT,3179.52,0.002
1767631364161,ETHUSDT,3179.52,0.0017
1767631364161,ETHUSDT,3179.52,0.0017
1767631364161,ETHUSDT,3179.52,0.0017
1767631364161,ETHUSDT,3179.52,0.0017
1767631364161,ETHUSDT,3179.53,0.0635
1767631364161,ETHUSDT,3179.53,0.077
1767631364161,ETHUSDT,3179.53,0.0017
1767631364161,ETHUSDT,3179.55,0.0016
1767631364162,ETHUSDT,3179.56,0.0017
1767631364162,ETHUSDT,3179.56,0.0017
1767631364162,ETHUSDT,3179.56,0.0017
1767631364162,ETHUSDT,3179.56,0.0028
1767631364162,SOLUSDT,135.19,0.039
1767631364162,SOLUSDT,135.19,0.039
1767631364162,SOLUSDT,135.19,0.038
1767631364163,SOLUSDT,135.19,0.039
1767631364163,SOLUSDT,135.19,0.039
1767631364163,SOLUSDT,135.19,0.074
1767631364163,SOLUSDT,135.19,0.039
1767631364163,SOLUSDT,135.19,0.039
1767631364163,SOLUSDT,135.19,0.037
1767631364163,SOLUSDT,135.19,0.038
1767631364163,SOLUSDT,135.19,0.039
1767631364164,SOLUSDT,135.19,0.039
1767631364165,ADAUSDT,0.4127,12.8
1767631364165,ADAUSDT,0.4127,12.8
1767631364165,ADAUSDT,0.4127,12.2
1767631364165,ADAUSDT,0.4127,483.6
1767631364165,ADAUSDT,0.4127,182.4
1767631364165,ADAUSDT,0.4127,12.8
1767631364165,ETHUSDT,3179.56,0.0016
1767631364166,ETHUSDT,3179.56,0.0098
1767631364166,BTCUSDT,93745,6e-05
1767631364166,BTCUSDT,93745,6e-05
1767631364166,BTCUSDT,93745,6e-05
1767631364166,BTCUSDT,93745,9e-05
1767631364166,BTCUSDT,93745,9e-05
1767631364166,BTCUSDT,93745,9e-05
1767631364166,BTCUSDT,93745,9e-05
1767631364166,BTCUSDT,93745,9e-05
1767631364167,BTCUSDT,93745,9e-05
1767631364167,BTCUSDT,93745,9e-05
1767631364167,BTCUSDT,93745,9e-05
1767631364167,BTCUSDT,93745,6e-05
1767631364167,BTCUSDT,93745,0.00012
1767631364167,BTCUSDT,93745,0.00012
1767631364167,BTCUSDT,93745,6e-05
1767631364167,BTCUSDT,93745,6e-05
1767631364167,BTCUSDT,93745,6e-05
1767631364167,BTCUSDT,93745,6e-05
1767631364167,BTCUSDT,93745,6e-05
1767631364167,BTCUSDT,93745,6e-05
1767631364168,BTCUSDT,93745,6e-05
1767631364168,BTCUSDT,93745,6e-05
1767631364168,BTCUSDT,93745,6e-05
1767631364168,BTCUSDT,93745,6e-05
1767631364168,BTCUSDT,93745,6e-05
1767631364168,BTCUSDT,93745,6e-05
1767631364168,BTCUSDT,93745,6e-05
1767631364168,BTCUSDT,93745,6e-05
1767631364168,BTCUSDT,93745,6e-05
1767631364168,BTCUSDT,93745,6e-05
1767631364168,BTCUSDT,93745,6e-05
1767631364168,BTCUSDT,93745,6e-05
1767631364168,BTCUSDT,93745,6e-05
1767631364168,BTCUSDT,93745,6e-05
1767631364169,BTCUSDT,93745,6e-05
1767631364169,BTCUSDT,93745,6e-05
1767631364169,BTCUSDT,93745,6e-05
1767631364169,BTCUSDT,93745,6e-05
1767631364169,BTCUSDT,93745,6e-05
1767631364169,BTCUSDT,93745,9e-05
1767631364169,BTCUSDT,93745,9e-05
1767631364169,BTCUSDT,93745,9e-05
1767631364169,BTCUSDT,93745,6e-05
1767631364169,BTCUSDT,93745,6e-05
1767631364169,BTCUSDT,93745,6e-05
1767631364169,BTCUSDT,93745,0.001
1767631364169,BTCUSDT,93745,0.0005
1767631364170,BTCUSDT,93745,0.0005
1767631364170,BTCUSDT,93745,0.01385
1767631364251,DOGEUSDT,0.14993,57
1767631364253,DOTUSDT,2.179,3.94
1767631364295,BTCUSDT,93745,0.02143
1767631364296,BTCUSDT,93745,0.02247
1767631364372,BTCUSDT,93745,0.0006
1767631364432,BTCUSDT,93745,0.00012
1767631364483,BTCUSDT,93745,0.00052
1767631364522,DOGEUSDT,0.14994,7
1767631364522,DOGEUSDT,0.14994,7
1767631364523,DOGEUSDT,0.14994,7
1767631364523,DOGEUSDT,0.14994,66
1767631364523,DOGEUSDT,0.14994,8
1767631364523,DOGEUSDT,0.14994,8
1767631364523,DOGEUSDT,0.14994,7
1767631364523,DOGEUSDT,0.14994,7
1767631364523,DOGEUSDT,0.14994,7
1767631364523,DOGEUSDT,0.14994,7
1767631364524,DOGEUSDT,0.14994,7
1767631364524,DOGEUSDT,0.14994,7
1767631364524,DOGEUSDT,0.14994,35
1767631364524,DOGEUSDT,0.14994,35
1767631364525,DOGEUSDT,0.14994,217
1767631364600,BTCUSDT,93745,0.00153
1767631364661,SOLUSDT,135.2,9.89
1767631364661,SOLUSDT,135.2,0.037
1767631364662,SOLUSDT,135.2,0.039
1767631364662,SOLUSDT,135.2,0.075
1767631364662,SOLUSDT,135.2,0.039
1767631364663,SOLUSDT,135.2,0.039
1767631364663,SOLUSDT,135.2,0.038
1767631364663,SOLUSDT,135.2,0.038
1767631364664,SOLUSDT,135.2,17.178
1767631364751,BTCUSDT,93745,0.00106
1767631364806,BTCUSDT,93745,0.00216
1767631364832,DOGEUSDT,0.14994,319
1767631364833,DOGEUSDT,0.14994,159
1767631364835,DOGEUSDT,0.14994,79
1767631364840,SOLUSDT,135.2,0.039
1767631364840,SOLUSDT,135.2,0.039
1767631364841,SOLUSDT,135.2,0.038
1767631364842,SOLUSDT,135.2,0.021
1767631364843,DOGEUSDT,0.14994,81
1767631364862,DOGEUSDT,0.14993,54
1767631364865,ADAUSDT,0.4128,143.7
1767631364929,DOGEUSDT,0.14993,54
1767631364929,BTCUSDT,93745,0.00021
1767631364932,BTCUSDT,93745,0.00112
1767631364994,DOGEUSDT,0.14993,54
1767631364998,DOGEUSDT,0.14994,7
1767631364998,DOGEUSDT,0.14994,8
1767631364998,DOGEUSDT,0.14994,7
1767631364998,DOGEUSDT,0.14994,7
1767631364999,DOGEUSDT,0.14994,8
1767631364999,DOGEUSDT,0.14994,7
1767631364999,DOGEUSDT,0.14994,7
1767631364999,DOGEUSDT,0.14994,7
1767631364999,DOGEUSDT,0.14994,7
1767631365000,DOGEUSDT,0.14994,7
1767631365000,DOGEUSDT,0.14994,7
1767631365000,DOGEUSDT,0.14994,70
1767631365000,DOGEUSDT,0.14994,2499
1767631365001,DOGEUSDT,0.14994,7
1767631365001,DOGEUSDT,0.14994,8
1767631365005,LTCUSDT,83,1.062
1767631365005,LTCUSDT,83,1.207
1767631365011,LTCUSDT,83,0.121
1767631365011,LTCUSDT,83,0.941
1767631365063,DOGEUSDT,0.14994,53
1767631365090,SOLUSDT,135.2,0.018
1767631365090,SOLUSDT,135.2,0.077
1767631365090,SOLUSDT,135.2,0.307
1767631365185,BNBUSDT,904.86,0.06
1767631365231,BTCUSDT,93745,6e-05
1767631365231,BTCUSDT,93745,6e-05
1767631365232,BTCUSDT,93745,6e-05
1767631365232,BTCUSDT,93745,9e-05
1767631365232,BTCUSDT,93745,9e-05
1767631365232,BTCUSDT,93745,6e-05
1767631365232,BTCUSDT,93745,9e-05
1767631365233,BTCUSDT,93745,9e-05
1767631365277,SOLUSDT,135.2,0.401
1767631365291,DOGEUSDT,0.14995,47
1767631365292,DOGEUSDT,0.14995,7
1767631365293,DOGEUSDT,0.14995,7
1767631365294,DOGEUSDT,0.14995,9
1767631365294,DOGEUSDT,0.14995,8
1767631365294,DOGEUSDT,0.14995,8
1767631365294,DOGEUSDT,0.14995,7
1767631365295,DOGEUSDT,0.14995,7
1767631365295,DOGEUSDT,0.14995,7
1767631365295,DOGEUSDT,0.14995,7
1767631365295,DOGEUSDT,0.14995,7
1767631365295,DOGEUSDT,0.14995,7
1767631365296,DOGEUSDT,0.14995,35
1767631365296,DOGEUSDT,0.14995,7
1767631365296,DOGEUSDT,0.14995,35
1767631365296,DOGEUSDT,0.14995,8
1767631365296,DOGEUSDT,0.14995,7
1767631365296,DOGEUSDT,0.14995,7
1767631365297,DOGEUSDT,0.14995,7
1767631365297,DOGEUSDT,0.14995,7
1767631365301,BTCUSDT,93745,0.0004
1767631365301,ADAUSDT,0.4128,12.2
1767631365301,ADAUSDT,0.4128,18.5
1767631365301,ADAUSDT,0.4128,19.1
1767631365302,ADAUSDT,0.4128,24.3
1767631365302,ADAUSDT,0.4128,12.8
1767631365302,ADAUSDT,0.4128,12.8
1767631365302,ADAUSDT,0.4128,12.8
1767631365349,XRPUSDT,2.1818,2.5
1767631365349,XRPUSDT,2.1818,4.7
1767631365349,XRPUSDT,2.1818,2.5
1767631365350,XRPUSDT,2.1818,2.5
1767631365350,XRPUSDT,2.1818,2.5
1767631365350,XRPUSDT,2.1818,2.5
1767631365350,XRPUSDT,2.1818,2.5
1767631365350,XRPUSDT,2.1818,2.4
1767631365351,XRPUSDT,2.1818,2.4
1767631365351,XRPUSDT,2.1818,195
1767631365351,XRPUSDT,2.1818,2.5
1767631365351,XRPUSDT,2.1818,2.5
1767631365362,BTCUSDT,93745,9e-05
1767631365362,BTCUSDT,93745,6e-05
1767631365362,BTCUSDT,93745,6e-05
1767631365362,BTCUSDT,93745,6e-05
1767631365362,BTCUSDT,93745,9e-05
1767631365363,BTCUSDT,93745,6e-05
1767631365363,BTCUSDT,93745,9e-05
1767631365363,BTCUSDT,93745,9e-05
1767631365363,BTCUSDT,93745,0.00012
1767631365363,BTCUSDT,93745,9e-05
1767631365364,BTCUSDT,93745,9e-05
1767631365364,BTCUSDT,93745,6e-05
1767631365364,BTCUSDT,93745,6e-05
1767631365364,BTCUSDT,93745,0.00042
1767631365364,BTCUSDT,93745,6e-05
1767631365365,BTCUSDT,93745,6e-05
1767631365365,BTCUSDT,93745,6e-05
1767631365365,BTCUSDT,93745,6e-05
1767631365365,BTCUSDT,93745,6e-05
1767631365365,BTCUSDT,93745,6e-05
1767631365366,BTCUSDT,93745,0.00027
1767631365366,BTCUSDT,93745,6e-05
1767631365366,BTCUSDT,93745,6e-05
1767631365366,BTCUSDT,93745,9e-05
1767631365366,BTCUSDT,93745,9e-05
1767631365367,BTCUSDT,93745,6e-05
1767631365367,BTCUSDT,93745.1,6e-05
1767631365367,BTCUSDT,93745.1,6e-05
1767631365367,BTCUSDT,93745.1,6e-05
1767631365367,BTCUSDT,93745.1,9e-05
1767631365368,BTCUSDT,93745.1,9e-05
1767631365368,BTCUSDT,93745.1,9e-05
1767631365368,BTCUSDT,93745.1,6e-05
1767631365368,BTCUSDT,93745.1,6e-05
1767631365368,BTCUSDT,93745.1,6e-05
1767631365369,BTCUSDT,93745.1,6e-05
1767631365369,BTCUSDT,93745.1,6e-05
1767631365369,BTCUSDT,93745.1,6e-05
1767631365369,BTCUSDT,93745.1,6e-05
1767631365369,BTCUSDT,93745.1,6e-05
1767631365370,BTCUSDT,93745.1,6e-05
1767631365370,BTCUSDT,93745.1,6e-05
1767631365370,BTCUSDT,93745.1,6e-05
1767631365370,BTCUSDT,93745.1,6e-05
1767631365370,BTCUSDT,93745.1,9e-05
1767631365371,BTCUSDT,93745.1,9e-05
1767631365371,BTCUSDT,93745.1,9e-05
1767631365371,BTCUSDT,93745.1,6e-05
1767631365371,BTCUSDT,93745.1,6e-05
1767631365371,BTCUSDT,93745.1,6e-05
1767631365372,BTCUSDT,93745.1,6e-05
1767631365372,BTCUSDT,93745.5,0.0005
1767631365372,BTCUSDT,93745.5,9e-05
1767631365372,BTCUSDT,93745.5,6e-05
1767631365372,BTCUSDT,93745.5,6e-05
1767631365372,BTCUSDT,93745.5,6e-05
1767631365373,BTCUSDT,93745.5,6e-05
1767631365373,BTCUSDT,93745.5,0.001
1767631365373,BTCUSDT,93745.5,9e-05
1767631365373,BTCUSDT,93745.5,0.0005
1767631365373,BTCUSDT,93745.8,6e-05
1767631365374,BTCUSDT,93745.8,6e-05
1767631365375,BTCUSDT,93745.8,6e-05
1767631365375,BTCUSDT,93745.8,0.01
1767631365377,BTCUSDT,93745.8,0.007
1767631365377,BTCUSDT,93745.8,0.007
1767631365377,BTCUSDT,93745.8,6e-05
1767631365378,BTCUSDT,93745.8,6e-05
1767631365378,BTCUSDT,93745.8,6e-05
1767631365378,BTCUSDT,93745.8,6e-05
1767631365378,BTCUSDT,93745.8,6e-05
1767631365378,BTCUSDT,93746,0.001
1767631365379,BTCUSDT,93746.8,6e-05
1767631365379,BTCUSDT,93746.8,6e-05
1767631365379,BTCUSDT,93746.8,6e-05
1767631365379,BTCUSDT,93747,6e-05
1767631365380,BTCUSDT,93747,6e-05
1767631365380,BTCUSDT,93747,6e-05
1767631365380,BTCUSDT,93747,0.0038
1767631365380,BTCUSDT,93747,0.00036
1767631365380,BTCUSDT,93747,0.00046
1767631365381,BTCUSDT,93747,0.00012
1767631365381,BTCUSDT,93747,0.00017
1767631365381,BTCUSDT,93747,0.01047
1767631365381,BTCUSDT,93747,6e-05
1767631365381,BTCUSDT,93747,6e-05
1767631365382,BTCUSDT,93747,6e-05
1767631365382,BTCUSDT,93747,6e-05
1767631365382,BTCUSDT,93747,6e-05
1767631365382,BTCUSDT,93747.1,6e-05
1767631365382,BTCUSDT,93747.2,6e-05
1767631365382,BTCUSDT,93747.3,0.00107
1767631365383,BTCUSDT,93747.9,6e-05
1767631365383,BTCUSDT,93747.9,6e-05
1767631365383,BTCUSDT,93747.9,6e-05
1767631365383,BTCUSDT,93748,0.002
1767631365384,BTCUSDT,93748,0.001
1767631365384,BTCUSDT,93748,6e-05
1767631365384,BTCUSDT,93748,6e-05
1767631365384,BTCUSDT,93748,6e-05
1767631365384,BTCUSDT,93748.6,0.00203
1767631365385,BTCUSDT,93749,6e-05
1767631365385,BTCUSDT,93749.1,6e-05
1767631365385,BTCUSDT,93749.2,6e-05
1767631365385,BTCUSDT,93749.2,6e-05
1767631365385,BTCUSDT,93749.2,6e-05
1767631365386,BTCUSDT,93749.7,6e-05
1767631365386,BTCUSDT,93749.7,6e-05
1767631365386,BTCUSDT,93749.7,6e-05
1767631365386,BTCUSDT,93749.7,6e-05
1767631365386,BTCUSDT,93749.7,6e-05
1767631365388,XRPUSDT,2.1819,2.5
1767631365388,XRPUSDT,2.1819,2.5
1767631365389,XRPUSDT,2.1819,2.5
1767631365389,XRPUSDT,2.1819,2.5
1767631365389,XRPUSDT,2.1819,2.4
1767631365389,XRPUSDT,2.1819,2.5
1767631365389,XRPUSDT,2.1819,2.4
1767631365390,XRPUSDT,2.1819,2.5
1767631365390,XRPUSDT,2.1819,2.5
1767631365390,XRPUSDT,2.1819,2.5
1767631365391,XRPUSDT,2.182,2.3
1767631365391,XRPUSDT,2.182,3.5
1767631365392,XRPUSDT,2.182,13.6
1767631365394,XRPUSDT,2.182,4.7
1767631365394,XRPUSDT,2.182,2.6
1767631365395,XRPUSDT,2.182,2.5
1767631365395,XRPUSDT,2.182,2.5
1767631365395,XRPUSDT,2.182,2.5
1767631365396,XRPUSDT,2.182,2.5
1767631365396,XRPUSDT,2.1821,2.3
1767631365396,XRPUSDT,2.1821,4.6
1767631365398,BNBUSDT,904.86,0.003
1767631365398,BNBUSDT,904.86,0.051
1767631365431,LTCUSDT,82.99,0.735
1767631365520,DOGEUSDT,0.14996,8
1767631365521,DOGEUSDT,0.14996,7
1767631365521,DOGEUSDT,0.14996,7
1767631365521,DOGEUSDT,0.14996,8
1767631365521,DOGEUSDT,0.14996,8
1767631365522,DOGEUSDT,0.14996,7
1767631365522,DOGEUSDT,0.14996,35
1767631365522,DOGEUSDT,0.14996,35
1767631365522,DOGEUSDT,0.14996,7
1767631365522,DOGEUSDT,0.14996,7
1767631365523,DOGEUSDT,0.14996,7
1767631365523,DOGEUSDT,0.14996,7
1767631365523,DOGEUSDT,0.14996,7
1767631365523,DOGEUSDT,0.14996,7
1767631365523,DOGEUSDT,0.14996,8
1767631365526,DOGEUSDT,0.14996,7
1767631365526,DOGEUSDT,0.14996,7
1767631365526,DOGEUSDT,0.14996,7
1767631365527,DOGEUSDT,0.14996,7
1767631365527,DOGEUSDT,0.14997,7
1767631365527,DOGEUSDT,0.14997,38
1767631365546,ETHUSDT,3179.57,0.0433
1767631365603,BTCUSDT,93749.7,0.01066
1767631365737,SOLUSDT,135.2,13.16
1767631365741,SOLUSDT,135.2,1.431
1767631365742,SOLUSDT,135.2,10.31
1767631365742,SOLUSDT,135.2,0.739
1767631365742,SOLUSDT,135.2,1
1767631365789,SOLUSDT,135.2,0.098
1767631365789,SOLUSDT,135.2,0.039
1767631365789,SOLUSDT,135.2,0.039
1767631365789,SOLUSDT,135.2,0.037
1767631365789,SOLUSDT,135.2,0.039
1767631365789,SOLUSDT,135.2,0.039
1767631365789,SOLUSDT,135.2,0.039
1767631365789,SOLUSDT,135.2,0.073
1767631365789,SOLUSDT,135.2,0.038
1767631365789,SOLUSDT,135.2,0.039
1767631365790,SOLUSDT,135.2,0.038
1767631365790,SOLUSDT,135.2,0.039
1767631365830,ETHUSDT,3179.56,1.6475
1767631365951,BTCUSDT,93749.7,0.00181
1767631365971,ETHUSDT,3179.56,0.0028
1767631366003,BNBUSDT,904.86,0.005
1767631366004,BNBUSDT,904.86,0.006
1767631366004,BNBUSDT,904.86,0.047
1767631366086,BTCUSDT,93749.7,0.19215
1767631366086,BTCUSDT,93749.7,0.21739
1767631366086,BTCUSDT,93749.7,0.14914
1767631366086,BTCUSDT,93749.7,0.08262
1767631366086,BTCUSDT,93749.7,0.08936
1767631366086,BTCUSDT,93749.7,0.08406
1767631366087,BTCUSDT,93749.7,0.08918
1767631366087,BTCUSDT,93749.7,0.08406
1767631366087,BTCUSDT,93749.7,0.08162
1767631366150,ETHUSDT,3179.56,0.0067
1767631366169,DOGEUSDT,0.14996,7357
1767631366169,DOGEUSDT,0.14996,7366
1767631366414,BTCUSDT,93749.7,0.00036
1767631366442,SOLUSDT,135.2,0.176
1767631366466,SOLUSDT,135.2,3.638
1767631366587,BTCUSDT,93749.7,0.00012
1767631366606,XRPUSDT,2.1821,0.1
1767631366606,XRPUSDT,2.1821,2.5
1767631366606,XRPUSDT,2.1821,2.1
1767631366683,XRPUSDT,2.1821,55.8
1767631366759,XRPUSDT,2.1821,3
1767631366834,SOLUSDT,135.21,16.217
1767631366834,SOLUSDT,135.21,0.037
1767631366834,SOLUSDT,135.21,0.039
1767631366834,SOLUSDT,135.21,0.075
1767631366834,SOLUSDT,135.21,0.039
1767631366834,SOLUSDT,135.21,0.039
1767631366834,SOLUSDT,135.21,0.038
1767631366834,SOLUSDT,135.21,0.038
1767631366834,SOLUSDT,135.21,0.076
1767631366834,SOLUSDT,135.21,43.266
1767631366835,SOLUSDT,135.21,0.039
1767631366835,SOLUSDT,135.21,0.039
1767631366835,SOLUSDT,135.21,0.039
1767631366835,SOLUSDT,135.21,0.038
1767631366835,SOLUSDT,135.21,0.038
1767631366835,SOLUSDT,135.21,0.039
1767631366835,SOLUSDT,135.21,0.039
1767631366920,BTCUSDT,93749.7,7e-05
1767631366942,SOLUSDT,135.22,0.037
1767631366942,SOLUSDT,135.22,0.075
1767631366943,SOLUSDT,135.22,0.041
1767631366943,SOLUSDT,135.22,0.039
1767631366943,SOLUSDT,135.22,0.039
1767631366943,SOLUSDT,135.22,0.039
1767631366943,SOLUSDT,135.22,0.038
1767631366943,SOLUSDT,135.22,23.842
1767631366943,SOLUSDT,135.22,10.103
1767631366943,SOLUSDT,135.22,0.039
1767631366943,SOLUSDT,135.22,0.039
1767631366943,SOLUSDT,135.22,0.039
1767631366943,SOLUSDT,135.22,0.038
1767631366944,SOLUSDT,135.22,0.038
1767631366944,SOLUSDT,135.22,0.039
1767631366944,SOLUSDT,135.22,0.039
1767631367004,SOLUSDT,135.23,0.037
1767631367004,SOLUSDT,135.23,0.075
1767631367004,SOLUSDT,135.23,0.039
1767631367004,SOLUSDT,135.23,0.039
1767631367004,SOLUSDT,135.23,0.039
1767631367004,SOLUSDT,135.23,0.038
1767631367004,SOLUSDT,135.23,0.038
1767631367005,SOLUSDT,135.23,0.078
1767631367005,SOLUSDT,135.23,0.038
1767631367005,SOLUSDT,135.23,0.039
1767631367005,SOLUSDT,135.23,0.039
1767631367005,SOLUSDT,135.23,0.039
1767631367005,SOLUSDT,135.23,0.038
1767631367005,SOLUSDT,135.23,0.039
1767631367005,SOLUSDT,135.23,0.039
1767631367074,BNBUSDT,904.86,0.33
1767631367160,LTCUSDT,83,3.96
1767631367185,BTCUSDT,93749.7,0.002
1767631367208,ETHUSDT,3179.57,3.032
1767631367208,ETHUSDT,3179.57,0.8124
1767631367208,ETHUSDT,3179.57,0.9318
1767631367208,ETHUSDT,3179.57,0.4715
1767631367208,ETHUSDT,3179.57,0.6905
1767631367208,ETHUSDT,3179.57,0.7985
1767631367209,ETHUSDT,3179.57,3.22
1767631367209,ETHUSDT,3179.57,0.0753
1767631367209,ETHUSDT,3179.57,0.0026
1767631367209,ETHUSDT,3179.57,0.0026
1767631367209,ETHUSDT,3179.57,0.0026
1767631367209,ETHUSDT,3179.57,0.0026
1767631367209,ETHUSDT,3179.57,0.0026
1767631367209,ETHUSDT,3179.57,0.0017
1767631367209,ETHUSDT,3179.57,0.0017
1767631367209,ETHUSDT,3179.57,0.0017
1767631367210,ETHUSDT,3179.57,0.0017
1767631367210,ETHUSDT,3179.57,0.0017
1767631367210,ETHUSDT,3179.57,0.0017
1767631367210,ETHUSDT,3179.57,0.0033
1767631367210,ETHUSDT,3179.57,0.0033
1767631367210,ETHUSDT,3179.57,0.0033
1767631367210,ETHUSDT,3179.57,0.0033
1767631367210,ETHUSDT,3179.57,0.0026
1767631367210,ETHUSDT,3179.57,0.0026
1767631367210,ETHUSDT,3179.57,0.0026
1767631367210,ETHUSDT,3179.57,0.0026
1767631367210,ETHUSDT,3179.57,0.0026
1767631367210,ETHUSDT,3179.57,0.0026
1767631367210,ETHUSDT,3179.57,0.0026
1767631367210,ETHUSDT,3179.57,0.0026
1767631367211,ETHUSDT,3179.57,0.0026
1767631367211,ETHUSDT,3179.57,0.0026
1767631367211,ETHUSDT,3179.57,0.0026
1767631367211,ETHUSDT,3179.57,0.0026
1767631367211,ETHUSDT,3179.57,0.0017
1767631367211,ETHUSDT,3179.57,0.0033
1767631367211,ETHUSDT,3179.57,0.0017
1767631367211,ETHUSDT,3179.57,0.0026
1767631367211,ETHUSDT,3179.57,0.0026
1767631367211,ETHUSDT,3179.57,0.0017
1767631367211,ETHUSDT,3179.57,0.0017
1767631367211,ETHUSDT,3179.57,0.0017
1767631367211,ETHUSDT,3179.57,0.0017
1767631367211,ETHUSDT,3179.57,0.0017
1767631367211,ETHUSDT,3179.57,0.0017
1767631367211,ETHUSDT,3179.57,0.0017
1767631367212,ETHUSDT,3179.57,0.0026
1767631367212,ETHUSDT,3179.57,0.0017
1767631367212,ETHUSDT,3179.57,0.0017
1767631367212,ETHUSDT,3179.57,0.0017
1767631367212,ETHUSDT,3179.57,0.0017
1767631367212,ETHUSDT,3179.57,0.0017
1767631367212,ETHUSDT,3179.58,0.0017
1767631367212,ETHUSDT,3179.58,0.0017
1767631367212,ETHUSDT,3179.58,0.0017
1767631367212,ETHUSDT,3179.58,0.0017
1767631367212,ETHUSDT,3179.58,0.0017
1767631367212,ETHUSDT,3179.61,0.0017
1767631367212,ETHUSDT,3179.62,0.0017
1767631367212,ETHUSDT,3179.65,0.0017
1767631367212,ETHUSDT,3179.65,0.005
1767631367213,ETHUSDT,3179.66,0.0017
1767631367213,ETHUSDT,3179.67,0.0017
1767631367213,ETHUSDT,3179.7,0.0016
1767631367213,ETHUSDT,3179.7,0.0017
1767631367213,ETHUSDT,3179.71,0.0017
1767631367213,ETHUSDT,3179.71,0.0017
1767631367213,ETHUSDT,3179.72,0.0017
1767631367213,ETHUSDT,3179.72,0.0017
1767631367213,ETHUSDT,3179.72,0.016
1767631367213,BTCUSDT,93749.7,9e-05
1767631367213,BTCUSDT,93749.7,9e-05
1767631367213,BTCUSDT,93749.7,6e-05
1767631367213,BTCUSDT,93749.7,9e-05
1767631367214,BTCUSDT,93749.7,9e-05
1767631367214,BTCUSDT,93749.7,9e-05
1767631367214,BTCUSDT,93749.7,9e-05
1767631367214,BTCUSDT,93749.7,9e-05
1767631367214,BTCUSDT,93749.7,0.00012
1767631367214,BTCUSDT,93749.7,6e-05
1767631367214,BTCUSDT,93749.7,6e-05
1767631367214,BTCUSDT,93749.7,6e-05
1767631367214,BTCUSDT,93749.7,6e-05
1767631367214,BTCUSDT,93749.7,6e-05
1767631367214,BTCUSDT,93749.7,6e-05
1767631367214,BTCUSDT,93749.7,6e-05
1767631367214,BTCUSDT,93749.7,6e-05
1767631367214,BTCUSDT,93749.7,6e-05
1767631367214,BTCUSDT,93749.7,6e-05
1767631367214,BTCUSDT,93749.7,6e-05
1767631367214,BTCUSDT,93749.7,0.00012
1767631367215,BTCUSDT,93749.7,6e-05
1767631367215,BTCUSDT,93749.7,6e-05
1767631367215,BTCUSDT,93749.7,0.00012
1767631367215,BTCUSDT,93749.7,0.00351
1767631367215,ETHUSDT,3179.77,0.0252
1767631367215,ETHUSDT,3179.77,0.0017
1767631367215,ETHUSDT,3179.77,0.0017
1767631367215,ETHUSDT,3179.77,0.0017
1767631367215,ETHUSDT,3179.77,0.0017
1767631367215,ETHUSDT,3179.77,0.0017
1767631367215,ETHUSDT,3179.78,0.0017
1767631367215,ETHUSDT,3179.78,0.0017
1767631367215,ETHUSDT,3179.78,0.0017
1767631367215,ETHUSDT,3179.79,0.0032
1767631367215,ETHUSDT,3179.79,0.002
1767631367215,ETHUSDT,3179.79,0.1572
1767631367215,ETHUSDT,3179.79,0.0026
1767631367216,ETHUSDT,3179.81,0.0017
1767631367216,ETHUSDT,3179.81,0.0017
1767631367216,ETHUSDT,3179.81,0.0017
1767631367216,ETHUSDT,3179.82,0.0016
1767631367216,ETHUSDT,3179.82,0.3946
1767631367216,ETHUSDT,3179.82,0.0026
1767631367216,ETHUSDT,3179.82,0.031
1767631367216,ETHUSDT,3179.85,0.0016
1767631367216,ETHUSDT,3179.86,0.0017
1767631367216,ETHUSDT,3179.86,0.0017
1767631367216,ETHUSDT,3179.86,0.0017
1767631367216,BTCUSDT,93749.7,0.05642
1767631367218,ETHUSDT,3179.87,0.0017
1767631367220,ETHUSDT,3179.87,0.0017
1767631367220,ETHUSDT,3179.87,0.1538
1767631367220,ETHUSDT,3179.87,0.2404
1767631367220,ETHUSDT,3179.87,0.051
1767631367241,ETHUSDT,3179.87,0.0017
1767631367241,ETHUSDT,3179.87,0.0017
1767631367241,ETHUSDT,3179.87,0.0017
1767631367241,ETHUSDT,3179.87,0.0017
1767631367241,ETHUSDT,3179.87,0.0017
1767631367242,ETHUSDT,3179.87,0.0026
1767631367242,ETHUSDT,3179.87,0.0017
1767631367242,ETHUSDT,3179.87,0.0017
1767631367242,ETHUSDT,3179.87,0.0017
1767631367242,ETHUSDT,3179.87,0.0017
1767631367242,ETHUSDT,3179.87,0.0017
1767631367242,ETHUSDT,3179.87,0.0017
1767631367242,ETHUSDT,3179.87,0.0017
1767631367242,ETHUSDT,3179.87,0.0026
1767631367242,ETHUSDT,3179.87,0.0017
1767631367242,ETHUSDT,3179.87,0.0017
1767631367242,ETHUSDT,3179.87,0.0017
1767631367242,ETHUSDT,3179.87,0.0026
1767631367242,ETHUSDT,3179.87,0.0017
1767631367242,ETHUSDT,3179.87,0.0026
1767631367242,ETHUSDT,3179.87,0.0026
1767631367242,ETHUSDT,3179.87,0.0017
1767631367242,ETHUSDT,3179.87,0.0026
1767631367243,ETHUSDT,3179.87,0.0026
1767631367243,ETHUSDT,3179.87,0.0017
1767631367243,ETHUSDT,3179.87,0.0026
1767631367243,ETHUSDT,3179.87,0.0026
1767631367243,ETHUSDT,3179.87,0.0026
1767631367243,ETHUSDT,3179.87,0.0026
1767631367243,ETHUSDT,3179.87,0.0026
1767631367243,ETHUSDT,3179.87,0.0026
1767631367243,ETHUSDT,3179.87,0.0017
1767631367243,ETHUSDT,3179.87,0.0033
1767631367243,ETHUSDT,3179.87,0.0017
1767631367243,ETHUSDT,3179.87,0.0017
1767631367244,ETHUSDT,3179.87,0.0017
1767631367244,ETHUSDT,3179.87,0.0017
1767631367244,ETHUSDT,3179.88,0.002
1767631367244,ETHUSDT,3179.88,0.0026
1767631367244,ETHUSDT,3179.88,0.0017
1767631367244,ETHUSDT,3179.88,0.0017
1767631367244,ETHUSDT,3179.88,0.0017
1767631367244,ETHUSDT,3179.88,0.0017
1767631367244,ETHUSDT,3179.88,0.0017
1767631367244,ETHUSDT,3179.88,0.0017
1767631367244,ETHUSDT,3179.88,0.0017
1767631367244,ETHUSDT,3179.88,0.0013
1767631367278,XRPUSDT,2.1821,2.5
1767631367278,XRPUSDT,2.1821,2.5
1767631367278,XRPUSDT,2.1821,2.5
1767631367278,XRPUSDT,2.1821,2.5
1767631367278,XRPUSDT,2.1821,2.4
1767631367278,XRPUSDT,2.1821,2.5
1767631367279,XRPUSDT,2.1821,2.5
1767631367279,XRPUSDT,2.1821,2.4
1767631367279,XRPUSDT,2.1821,2.4
1767631367279,XRPUSDT,2.1821,2.5
1767631367279,XRPUSDT,2.1821,2.5
1767631367279,XRPUSDT,2.1822,3.5
1767631367279,XRPUSDT,2.1822,2.3
1767631367279,XRPUSDT,2.1822,2.5
1767631367279,XRPUSDT,2.1822,2.5
1767631367279,XRPUSDT,2.1822,2.5
1767631367279,XRPUSDT,2.1822,2.4
1767631367279,XRPUSDT,2.1822,2.5
1767631367280,XRPUSDT,2.1823,4.6
1767631367280,XRPUSDT,2.1823,2.3
1767631367280,XRPUSDT,2.1823,2.5
1767631367280,XRPUSDT,2.1823,2.5
1767631367280,XRPUSDT,2.1823,2.5
1767631367280,XRPUSDT,2.1823,516.3
1767631367280,XRPUSDT,2.1823,569.6
1767631367289,BTCUSDT,93749.7,0.00172
1767631367505,BNBUSDT,904.87,0.067
1767631367528,BTCUSDT,93749.7,0.00059
1767631367543,BTCUSDT,93749.7,8e-05
1767631367560,BTCUSDT,93749.7,0.00147
1767631367809,BTCUSDT,93749.7,0.0011
1767631367811,ETHUSDT,3179.88,0.0004
1767631367811,ETHUSDT,3179.88,0.0011
1767631367812,ADAUSDT,0.4128,12.8
1767631367812,ADAUSDT,0.4128,12.8
1767631367812,ADAUSDT,0.4128,517.5
1767631367962,BNBUSDT,904.87,0.012
1767631367963,XRPUSDT,2.1822,2.5
1767631367963,XRPUSDT,2.1822,2.5
1767631367963,XRPUSDT,2.1822,2.5
1767631367963,XRPUSDT,2.1822,2.5
1767631367963,XRPUSDT,2.1822,2.5
1767631367963,XRPUSDT,2.1822,2.5
1767631367963,XRPUSDT,2.1822,2.5
1767631367963,XRPUSDT,2.1822,2.5
1767631367963,XRPUSDT,2.1821,2.3
1767631367963,XRPUSDT,2.1821,2.5
1767631367963,XRPUSDT,2.1821,2.5
1767631367963,XRPUSDT,2.1821,2.5
1767631367963,XRPUSDT,2.1821,2.5
1767631367967,ADAUSDT,0.4128,12.1
1767631367968,BNBUSDT,904.87,0.055
1767631368104,BTCUSDT,93749.7,0.00159
1767631368253,DOTUSDT,2.178,2.42
1767631368253,DOTUSDT,2.178,2.42
1767631368253,DOTUSDT,2.178,4.35
1767631368254,LTCUSDT,83,0.187
1767631368260,XRPUSDT,2.182,35.2
1767631368401,ETHUSDT,3179.87,0.7853
1767631368445,BTCUSDT,93749.7,6e-05
1767631368578,BTCUSDT,93749.7,0.00014
1767631368578,BTCUSDT,93749.7,0.05923
1767631368595,BNBUSDT,904.87,0.015
1767631368719,BNBUSDT,904.87,0.021
1767631368886,BNBUSDT,904.87,0.005
1767631368911,BTCUSDT,93749.7,0.00476
1767631368911,BTCUSDT,93749.7,0.00585
1767631368952,BTCUSDT,93749.7,0.00021
1767631369062,DOGEUSDT,0.14996,7
1767631369062,DOGEUSDT,0.14996,7
1767631369062,DOGEUSDT,0.14996,7
1767631369063,DOGEUSDT,0.14996,7
1767631369063,DOGEUSDT,0.14996,7
1767631369063,DOGEUSDT,0.14996,114
1767631369063,BNBUSDT,904.86,0.006
1767631369079,BNBUSDT,904.87,0.011
1767631369089,BNBUSDT,904.87,0.008
1767631369113,XRPUSDT,2.182,2.5
1767631369113,XRPUSDT,2.182,2.5
1767631369113,XRPUSDT,2.182,2.5
1767631369114,XRPUSDT,2.182,4.6
1767631369114,XRPUSDT,2.182,2.5
1767631369114,XRPUSDT,2.182,2.5
1767631369114,XRPUSDT,2.182,2.5
1767631369114,XRPUSDT,2.182,2.4
1767631369115,XRPUSDT,2.182,2.4
1767631369115,XRPUSDT,2.182,2.4
1767631369115,XRPUSDT,2.182,2.4
1767631369115,XRPUSDT,2.182,2.5
1767631369115,XRPUSDT,2.182,2.5
1767631369116,XRPUSDT,2.1819,2.3
1767631369116,XRPUSDT,2.1819,2.5
1767631369116,XRPUSDT,2.1819,2.5
1767631369116,XRPUSDT,2.1819,2.5
1767631369116,XRPUSDT,2.1819,2.4
1767631369116,XRPUSDT,2.1819,2.5
1767631369120,XRPUSDT,2.1819,870.8
1767631369178,XRPUSDT,2.1819,4.5
1767631369197,DOGEUSDT,0.14996,527
1767631369268,SOLUSDT,135.23,0.813
1767631369328,BNBUSDT,904.87,0.099
1767631369404,ETHUSDT,3179.87,0.0026
1767631369405,ETHUSDT,3179.87,0.0026
1767631369405,ETHUSDT,3179.87,0.0026
1767631369405,ETHUSDT,3179.87,0.0026
1767631369405,ETHUSDT,3179.87,0.0061
1767631369405,ETHUSDT,3179.87,0.0026
1767631369406,ETHUSDT,3179.87,0.0026
1767631369406,ETHUSDT,3179.87,0.0026
1767631369407,ETHUSDT,3179.87,0.0026
1767631369408,ETHUSDT,3179.87,0.0026
1767631369408,ETHUSDT,3179.87,0.0026
1767631369408,ETHUSDT,3179.87,0.0026
1767631369408,ETHUSDT,3179.87,0.0026
1767631369409,ETHUSDT,3179.87,0.0033
1767631369409,ETHUSDT,3179.87,0.0026
1767631369409,ETHUSDT,3179.87,0.2177
1767631369409,ETHUSDT,3179.87,0.0033
1767631369410,ETHUSDT,3179.87,0.5218
1767631369415,XRPUSDT,2.1818,2.5
1767631369416,XRPUSDT,2.1818,4.7
1767631369416,XRPUSDT,2.1818,2.6
1767631369416,XRPUSDT,2.1818,2.5
1767631369416,XRPUSDT,2.1818,2.5
1767631369416,XRPUSDT,2.1818,2.4
1767631369417,XRPUSDT,2.1818,2.4
1767631369417,XRPUSDT,2.1818,2.5
1767631369417,XRPUSDT,2.1818,2.5
1767631369417,XRPUSDT,2.1818,2.5
1767631369417,XRPUSDT,2.1818,2.4
1767631369417,XRPUSDT,2.1818,2.4
1767631369418,XRPUSDT,2.1818,2.5
1767631369418,XRPUSDT,2.1818,2.5
1767631369418,XRPUSDT,2.1817,2.3
1767631369418,XRPUSDT,2.1817,2.5
1767631369418,XRPUSDT,2.1817,2.5
1767631369419,XRPUSDT,2.1817,2.5
1767631369419,XRPUSDT,2.1817,2.5
1767631369449,DOGEUSDT,0.14997,28
1767631369449,DOGEUSDT,0.14997,1421
1767631369449,DOGEUSDT,0.14997,7
1767631369449,DOGEUSDT,0.14997,7
1767631369450,DOGEUSDT,0.14997,1591
1767631369450,DOGEUSDT,0.14997,945
1767631369450,DOGEUSDT,0.14997,776
1767631369450,DOGEUSDT,0.14997,686
1767631369451,DOGEUSDT,0.14997,783
1767631369451,DOGEUSDT,0.14997,679
1767631369451,DOGEUSDT,0.14997,815
1767631369451,DOGEUSDT,0.14997,7
1767631369452,DOGEUSDT,0.14997,7
1767631369452,DOGEUSDT,0.14997,1636
1767631369452,DOGEUSDT,0.14997,7
1767631369452,DOGEUSDT,0.14997,7
1767631369452,DOGEUSDT,0.14997,7
1767631369453,DOGEUSDT,0.14997,7
1767631369453,DOGEUSDT,0.14997,47
1767631369453,DOGEUSDT,0.14997,7
1767631369453,DOGEUSDT,0.14997,1452
1767631369454,DOGEUSDT,0.14997,3999
1767631369454,DOGEUSDT,0.14997,3999
1767631369454,DOGEUSDT,0.14997,3999
1767631369456,DOGEUSDT,0.14997,2099
1767631369460,DOGEUSDT,0.14997,7
1767631369461,DOGEUSDT,0.14997,8
1767631369461,DOGEUSDT,0.14997,8
1767631369462,DOGEUSDT,0.14997,35
1767631369462,DOGEUSDT,0.14997,7
1767631369462,DOGEUSDT,0.14997,7
1767631369463,DOGEUSDT,0.14997,7
1767631369463,DOGEUSDT,0.14997,7
1767631369463,DOGEUSDT,0.14997,7
1767631369463,DOGEUSDT,0.14997,7
1767631369463,DOGEUSDT,0.14997,7
1767631369464,DOGEUSDT,0.14997,7
1767631369464,DOGEUSDT,0.14997,931
1767631369464,DOGEUSDT,0.14997,480
1767631369464,DOGEUSDT,0.14997,45
1767631369465,DOGEUSDT,0.14997,265
1767631369466,DOGEUSDT,0.14997,132
1767631369469,DOGEUSDT,0.14997,135
1767631369488,DOGEUSDT,0.14997,30
1767631369496,ETHUSDT,3179.87,0.2894
1767631369496,ETHUSDT,3179.87,0.0033
1767631369497,ETHUSDT,3179.87,0.0137
1767631369497,ETHUSDT,3179.87,0.0026
1767631369497,ETHUSDT,3179.87,0.0026
1767631369497,ETHUSDT,3179.87,0.0026
1767631369498,ETHUSDT,3179.87,0.0026
1767631369498,ETHUSDT,3179.87,0.0026
1767631369498,ETHUSDT,3179.87,0.0026
1767631369498,ETHUSDT,3179.87,0.0026
1767631369498,ETHUSDT,3179.87,0.0026
1767631369499,ETHUSDT,3179.87,0.0017
1767631369499,ETHUSDT,3179.87,0.1572
1767631369499,ETHUSDT,3179.87,0.0026
1767631369499,ETHUSDT,3179.87,0.0026
1767631369500,ETHUSDT,3179.87,0.0026
1767631369500,ETHUSDT,3179.87,0.0026
1767631369500,ETHUSDT,3179.87,0.0026
1767631369501,ETHUSDT,3179.87,0.1572
1767631369501,ETHUSDT,3179.87,0.0017
1767631369501,ETHUSDT,3179.87,0.0017
1767631369501,ETHUSDT,3179.87,0.0017
1767631369502,ETHUSDT,3179.87,0.0017
1767631369502,ETHUSDT,3179.87,0.0026
1767631369502,ETHUSDT,3179.87,0.0026
1767631369502,ETHUSDT,3179.87,0.0017
1767631369503,ETHUSDT,3179.87,0.0017
1767631369503,ETHUSDT,3179.87,0.0026
1767631369503,ETHUSDT,3179.87,0.0026
1767631369503,ETHUSDT,3179.87,0.0026
1767631369503,ETHUSDT,3179.87,0.0026
1767631369504,ETHUSDT,3179.87,0.0026
1767631369504,ETHUSDT,3179.87,0.0026
1767631369504,ETHUSDT,3179.87,0.0026
1767631369504,ETHUSDT,3179.87,0.0026
1767631369505,ETHUSDT,3179.87,0.0026
1767631369505,ETHUSDT,3179.87,0.0017
1767631369505,ETHUSDT,3179.87,0.0017
1767631369505,ETHUSDT,3179.87,0.0026
1767631369505,ETHUSDT,3179.87,0.0017
1767631369506,ETHUSDT,3179.87,0.0017
1767631369506,ETHUSDT,3179.87,0.0017
1767631369506,ETHUSDT,3179.86,0.0017
1767631369506,ETHUSDT,3179.86,0.0017
1767631369507,ETHUSDT,3179.86,0.0017
1767631369507,ETHUSDT,3179.86,0.0017
1767631369507,ETHUSDT,3179.86,0.0017
1767631369507,ETHUSDT,3179.86,0.0017
1767631369508,ETHUSDT,3179.86,0.0017
1767631369508,ETHUSDT,3179.85,0.0016
1767631369508,ETHUSDT,3179.85,0.0017
1767631369509,ETHUSDT,3179.82,0.0017
1767631369509,ETHUSDT,3179.82,0.0017
1767631369509,ETHUSDT,3179.82,0.0017
1767631369510,ETHUSDT,3179.82,0.0017
1767631369510,ETHUSDT,3179.81,0.0017
1767631369510,ETHUSDT,3179.81,0.0017
1767631369510,ETHUSDT,3179.81,0.0017
1767631369510,ETHUSDT,3179.81,0.0017
1767631369511,ETHUSDT,3179.81,0.0017
1767631369511,ETHUSDT,3179.81,0.0017
1767631369511,ETHUSDT,3179.8,0.0017
1767631369511,ETHUSDT,3179.79,0.0017
1767631369511,ETHUSDT,3179.78,0.0017
1767631369534,BTCUSDT,93749.7,0.00013
1767631369584,BTCUSDT,93749.7,0.03085
1767631369585,BTCUSDT,93749.7,0.00658
1767631369585,BTCUSDT,93749.7,0.02058
1767631369585,BTCUSDT,93749.7,9e-05
1767631369586,BTCUSDT,93749.7,9e-05
1767631369586,BTCUSDT,93749.7,6e-05
1767631369586,BTCUSDT,93749.7,9e-05
1767631369586,BTCUSDT,93749.7,6e-05
1767631369586,BTCUSDT,93749.7,0.00461
1767631369586,BTCUSDT,93749.7,0.05937
1767631369588,BTCUSDT,93749.7,0.06398
1767631369588,BTCUSDT,93749.7,9e-05
1767631369588,BTCUSDT,93749.7,9e-05
1767631369588,BTCUSDT,93749.7,6e-05
1767631369589,BTCUSDT,93749.7,6e-05
1767631369589,BTCUSDT,93749.7,6e-05
1767631369589,BTCUSDT,93749.7,9e-05
1767631369589,BTCUSDT,93749.7,6e-05
1767631369589,BTCUSDT,93749.7,6e-05
1767631369589,BTCUSDT,93749.7,6e-05
1767631369589,BTCUSDT,93749.7,6e-05
1767631369589,BTCUSDT,93749.7,6e-05
1767631369589,BTCUSDT,93749.7,0.00012
1767631369590,BTCUSDT,93749.7,0.00012
1767631369590,BTCUSDT,93749.7,6e-05
1767631369590,BTCUSDT,93749.7,6e-05
1767631369590,BTCUSDT,93749.7,6e-05
1767631369590,BTCUSDT,93749.7,0.00021
1767631369590,BTCUSDT,93749.7,0.06399
1767631369590,BTCUSDT,93749.7,6e-05
1767631369590,BTCUSDT,93749.7,0.06003
1767631369591,BTCUSDT,93749.7,0.00012
1767631369591,BTCUSDT,93749.7,0.00012
1767631369591,BTCUSDT,93749.7,0.0001
1767631369591,BTCUSDT,93749.7,6e-05
1767631369591,BTCUSDT,93749.7,6e-05
1767631369591,BTCUSDT,93749.7,6e-05
1767631369591,BTCUSDT,93749.7,0.00012
1767631369592,BTCUSDT,93749.7,0.00012
1767631369592,BTCUSDT,93749.7,0.00012
1767631369592,BTCUSDT,93749.7,6e-05
1767631369592,BTCUSDT,93749.7,0.00012
1767631369592,BTCUSDT,93749.7,6e-05
1767631369592,BTCUSDT,93749.7,6e-05
1767631369592,BTCUSDT,93749.7,6e-05
1767631369592,BTCUSDT,93749.7,0.00204
1767631369592,BTCUSDT,93749.7,0.00048
1767631369593,BTCUSDT,93749.7,6e-05
1767631369593,BTCUSDT,93749.7,6e-05
1767631369593,BTCUSDT,93749.7,6e-05
1767631369593,BTCUSDT,93749.7,0.00048
1767631369593,BTCUSDT,93749.7,6e-05
1767631369593,BTCUSDT,93749.7,6e-05
1767631369593,BTCUSDT,93749.7,6e-05
1767631369596,BTCUSDT,93749.7,9e-05
1767631369596,BTCUSDT,93749.7,9e-05
1767631369596,BTCUSDT,93749.7,6e-05
1767631369596,BTCUSDT,93749.7,6e-05
1767631369596,BTCUSDT,93749.7,6e-05
1767631369597,BTCUSDT,93749.7,6e-05
1767631369597,BTCUSDT,93749.7,6e-05
1767631369597,BTCUSDT,93749.7,6e-05
1767631369597,BTCUSDT,93749.7,6e-05
1767631369598,BTCUSDT,93749.7,6e-05
1767631369598,BTCUSDT,93749.7,6e-05
1767631369598,BTCUSDT,93749.7,6e-05
1767631369598,BTCUSDT,93749.7,9e-05
1767631369599,BTCUSDT,93749.7,6e-05
1767631369599,BTCUSDT,93749.7,6e-05
1767631369599,BTCUSDT,93749.7,6e-05
1767631369599,BTCUSDT,93749.7,6e-05
1767631369599,BTCUSDT,93749.7,6e-05
1767631369599,BTCUSDT,93749.7,6e-05
1767631369600,BTCUSDT,93749.7,6e-05
1767631369600,BTCUSDT,93749.7,6e-05
1767631369600,BTCUSDT,93749.7,6e-05
1767631369600,BTCUSDT,93749.7,6e-05
1767631369600,BTCUSDT,93749.7,6e-05
1767631369600,BTCUSDT,93749.7,6e-05
1767631369600,BTCUSDT,93749.7,6e-05
1767631369601,BTCUSDT,93749.7,6e-05
1767631369601,BTCUSDT,93749.7,6e-05
1767631369601,BTCUSDT,93749.7,6e-05
1767631369601,BTCUSDT,93749.7,6e-05
1767631369601,BTCUSDT,93749.7,6e-05
1767631369601,BTCUSDT,93749.7,6e-05
1767631369601,BTCUSDT,93749.7,6e-05
1767631369602,BTCUSDT,93749.7,6e-05
1767631369602,BTCUSDT,93749.7,6e-05
1767631369602,BTCUSDT,93749.7,6e-05
1767631369602,BTCUSDT,93749.7,6e-05
1767631369602,BTCUSDT,93749.7,6e-05
1767631369602,BTCUSDT,93749.7,6e-05
1767631369603,BTCUSDT,93749.7,6e-05
1767631369603,BTCUSDT,93749.7,6e-05
1767631369603,BTCUSDT,93749.7,6e-05
1767631369603,BTCUSDT,93749.7,0.00012
1767631369604,BTCUSDT,93749.7,6e-05
1767631369604,BTCUSDT,93749.7,6e-05
1767631369604,BTCUSDT,93749.7,6e-05
1767631369604,BTCUSDT,93749.7,6e-05
1767631369604,BTCUSDT,93749.7,6e-05
1767631369604,BTCUSDT,93749.7,6e-05
1767631369604,BTCUSDT,93749.7,6e-05
1767631369604,BTCUSDT,93749.7,6e-05
1767631369605,BTCUSDT,93749.7,9e-05
1767631369605,BTCUSDT,93749.7,9e-05
1767631369605,BTCUSDT,93749.7,9e-05
1767631369605,BTCUSDT,93749.7,6e-05
1767631369605,BTCUSDT,93749.7,6e-05
1767631369605,BTCUSDT,93749.7,6e-05
1767631369605,BTCUSDT,93749.7,6e-05
1767631369606,BTCUSDT,93749.7,6e-05
1767631369606,BTCUSDT,93749.7,6e-05
1767631369606,BTCUSDT,93749.7,6e-05
1767631369606,BTCUSDT,93749.7,6e-05
1767631369606,BTCUSDT,93749.7,6e-05
1767631369606,BTCUSDT,93749.7,6e-05
1767631369606,BTCUSDT,93749.7,6e-05
1767631369607,BTCUSDT,93749.7,6e-05
1767631369607,BTCUSDT,93749.7,6e-05
1767631369607,BTCUSDT,93749.7,6e-05
1767631369607,BTCUSDT,93749.7,6e-05
1767631369607,BTCUSDT,93749.7,6e-05
1767631369608,BTCUSDT,93749.7,6e-05
1767631369608,BTCUSDT,93749.7,6e-05
1767631369608,BTCUSDT,93749.7,6e-05
1767631369608,BTCUSDT,93749.7,6e-05
1767631369608,BTCUSDT,93749.7,6e-05
1767631369608,BTCUSDT,93750,0.001
1767631369609,BTCUSDT,93750,0.00015
1767631369609,BTCUSDT,93750,6e-05
1767631369609,BTCUSDT,93750,9e-05
1767631369609,BTCUSDT,93750,6e-05
1767631369609,BTCUSDT,93750,6e-05
1767631369609,BTCUSDT,93750,6e-05
1767631369609,BTCUSDT,93750,6e-05
1767631369609,BTCUSDT,93750,6e-05
1767631369609,BTCUSDT,93750.2,0.001
1767631369610,BTCUSDT,93750.2,0.0005
1767631369610,BTCUSDT,93750.2,0.0005
1767631369610,BTCUSDT,93750.2,6e-05
1767631369610,BTCUSDT,93750.2,6e-05
1767631369610,BTCUSDT,93750.2,6e-05
1767631369610,BTCUSDT,93750.2,6e-05
1767631369610,BTCUSDT,93750.2,6e-05
1767631369610,BTCUSDT,93750.2,6e-05
1767631369610,BTCUSDT,93750.3,6e-05
1767631369611,BTCUSDT,93750.3,6e-05
1767631369611,BTCUSDT,93750.3,6e-05
1767631369611,BTCUSDT,93750.3,6e-05
1767631369611,BTCUSDT,93750.3,6e-05
1767631369611,BTCUSDT,93750.3,6e-05
1767631369611,BTCUSDT,93750.3,6e-05
1767631369611,BTCUSDT,93750.3,6e-05
1767631369611,BTCUSDT,93750.3,6e-05
1767631369612,BTCUSDT,93750.3,6e-05
1767631369612,BTCUSDT,93750.6,6e-05
1767631369612,BTCUSDT,93750.6,6e-05
1767631369612,BTCUSDT,93750.6,6e-05
1767631369612,BTCUSDT,93750.6,6e-05
1767631369612,BTCUSDT,93750.6,6e-05
1767631369612,BTCUSDT,93750.6,6e-05
1767631369612,BTCUSDT,93750.6,6e-05
1767631369613,BTCUSDT,93750.6,6e-05
1767631369613,BTCUSDT,93750.6,6e-05
1767631369613,BTCUSDT,93750.6,6e-05
1767631369613,BTCUSDT,93750.6,6e-05
1767631369613,BTCUSDT,93750.6,6e-05
1767631369613,BTCUSDT,93750.6,6e-05
1767631369613,BTCUSDT,93750.6,6e-05
1767631369613,BTCUSDT,93750.6,6e-05
1767631369613,BTCUSDT,93750.9,6e-05
1767631369614,BTCUSDT,93751.3,6e-05
1767631369614,BTCUSDT,93751.3,6e-05
1767631369614,BTCUSDT,93751.3,6e-05
1767631369614,BTCUSDT,93751.5,6e-05
1767631369614,BTCUSDT,93751.5,6e-05
1767631369614,BTCUSDT,93751.5,6e-05
1767631369614,BTCUSDT,93751.5,6e-05
1767631369614,BTCUSDT,93751.5,6e-05
1767631369614,BTCUSDT,93751.8,6e-05
1767631369615,BTCUSDT,93751.8,6e-05
1767631369615,BTCUSDT,93751.8,6e-05
1767631369615,BTCUSDT,93751.8,6e-05
1767631369615,BTCUSDT,93751.8,0.01742
1767631369615,BTCUSDT,93751.8,0.00571
1767631369615,BTCUSDT,93751.8,6e-05
1767631369615,BTCUSDT,93751.8,6e-05
1767631369615,BTCUSDT,93751.8,6e-05
1767631369616,BTCUSDT,93751.8,6e-05
1767631369616,BTCUSDT,93751.8,6e-05
1767631369616,BTCUSDT,93752,0.001
1767631369616,BTCUSDT,93752,0.002
1767631369616,BTCUSDT,93752,6e-05
1767631369616,BTCUSDT,93752,6e-05
1767631369616,BTCUSDT,93752,6e-05
1767631369617,BTCUSDT,93752.7,0.01
1767631369617,BTCUSDT,93752.7,0.02
1767631369617,BTCUSDT,93752.7,0.0264
1767631369618,BTCUSDT,93752.7,6e-05
1767631369618,BTCUSDT,93752.7,6e-05
1767631369618,BTCUSDT,93752.7,6e-05
1767631369618,BTCUSDT,93752.7,6e-05
1767631369618,BTCUSDT,93752.7,6e-05
1767631369619,BTCUSDT,93752.7,6e-05
1767631369619,BTCUSDT,93752.7,6e-05
1767631369619,BTCUSDT,93752.7,6e-05
1767631369619,BTCUSDT,93752.7,6e-05
1767631369619,BTCUSDT,93752.7,6e-05
1767631369619,BTCUSDT,93752.7,6e-05
1767631369619,BTCUSDT,93752.7,6e-05
1767631369619,BTCUSDT,93752.7,6e-05
1767631369619,BTCUSDT,93752.7,6e-05
1767631369620,BTCUSDT,93752.7,6e-05
1767631369620,BTCUSDT,93752.7,6e-05
1767631369620,BTCUSDT,93752.7,6e-05
1767631369620,BTCUSDT,93752.7,6e-05
1767631369620,BTCUSDT,93752.7,6e-05
1767631369620,BTCUSDT,93752.7,6e-05
1767631369620,BTCUSDT,93752.7,6e-05
1767631369620,BTCUSDT,93752.7,6e-05
1767631369620,BTCUSDT,93752.7,6e-05
1767631369621,BTCUSDT,93752.7,6e-05
1767631369621,BTCUSDT,93752.7,6e-05
1767631369621,BTCUSDT,93752.7,6e-05
1767631369621,BTCUSDT,93752.7,6e-05
1767631369621,BTCUSDT,93752.7,6e-05
1767631369621,BTCUSDT,93752.7,6e-05
1767631369621,BTCUSDT,93752.7,6e-05
1767631369621,BTCUSDT,93752.7,6e-05
1767631369621,BTCUSDT,93752.7,6e-05
1767631369622,BTCUSDT,93752.7,6e-05
1767631369622,BTCUSDT,93752.7,6e-05
1767631369622,BTCUSDT,93752.7,6e-05
1767631369622,BTCUSDT,93752.7,6e-05
1767631369622,BTCUSDT,93752.7,6e-05
1767631369622,BTCUSDT,93753.3,6e-05
1767631369622,BTCUSDT,93753.3,6e-05
1767631369622,BTCUSDT,93753.3,6e-05
1767631369622,BTCUSDT,93753.3,6e-05
1767631369623,BTCUSDT,93753.3,6e-05
1767631369623,BTCUSDT,93753.6,6e-05
1767631369623,BTCUSDT,93754,0.001
1767631369623,BTCUSDT,93754,0.0008
1767631369623,BTCUSDT,93754,6e-05
1767631369623,BTCUSDT,93754,6e-05
1767631369623,BTCUSDT,93754,6e-05
1767631369623,BTCUSDT,93754,6e-05
1767631369623,BTCUSDT,93754,6e-05
1767631369624,BTCUSDT,93754,6e-05
1767631369624,BTCUSDT,93754.6,6e-05
1767631369624,BTCUSDT,93754.6,6e-05
1767631369624,BTCUSDT,93754.6,6e-05
1767631369624,BTCUSDT,93754.6,6e-05
1767631369624,BTCUSDT,93754.6,6e-05
1767631369624,BTCUSDT,93755.1,6e-05
1767631369624,BTCUSDT,93755.1,6e-05
1767631369625,BTCUSDT,93755.1,6e-05
1767631369625,BTCUSDT,93755.1,6e-05
1767631369625,BTCUSDT,93755.1,6e-05
1767631369625,BTCUSDT,93755.1,6e-05
1767631369625,BTCUSDT,93755.1,6e-05
1767631369625,BTCUSDT,93755.1,6e-05
1767631369625,BTCUSDT,93755.1,6e-05
1767631369625,BTCUSDT,93755.1,6e-05
1767631369625,BTCUSDT,93755.1,6e-05
1767631369626,BTCUSDT,93755.1,6e-05
1767631369626,BTCUSDT,93755.1,6e-05
1767631369626,BTCUSDT,93755.1,6e-05
1767631369626,BTCUSDT,93755.1,6e-05
1767631369626,BTCUSDT,93755.1,6e-05
1767631369626,BTCUSDT,93755.1,6e-05
1767631369626,BTCUSDT,93755.1,6e-05
1767631369626,BTCUSDT,93755.1,6e-05
1767631369626,BTCUSDT,93755.1,6e-05
1767631369627,BTCUSDT,93755.1,6e-05
1767631369627,BTCUSDT,93755.1,6e-05
1767631369627,BTCUSDT,93755.1,6e-05
1767631369627,BTCUSDT,93755.1,6e-05
1767631369627,BTCUSDT,93755.1,6e-05
1767631369627,BTCUSDT,93755.1,6e-05
1767631369627,BTCUSDT,93755.1,6e-05
1767631369628,BTCUSDT,93755.1,6e-05
1767631369628,BTCUSDT,93755.1,0.01789
1767631369628,BTCUSDT,93755.1,6e-05
1767631369628,BTCUSDT,93755.1,6e-05
1767631369628,BTCUSDT,93755.1,6e-05
1767631369628,BTCUSDT,93755.1,6e-05
1767631369628,BTCUSDT,93755.1,6e-05
1767631369628,BTCUSDT,93755.1,6e-05
1767631369628,BTCUSDT,93755.1,6e-05
1767631369629,BTCUSDT,93755.1,6e-05
1767631369629,BTCUSDT,93755.1,6e-05
1767631369629,BTCUSDT,93755.1,6e-05
1767631369629,BTCUSDT,93755.1,6e-05
1767631369629,BTCUSDT,93755.1,6e-05
1767631369629,BTCUSDT,93755.1,6e-05
1767631369629,BTCUSDT,93755.1,6e-05
1767631369629,BTCUSDT,93755.1,6e-05
1767631369629,BTCUSDT,93755.1,6e-05
1767631369630,BTCUSDT,93755.1,6e-05
1767631369630,BTCUSDT,93755.1,6e-05
1767631369630,BTCUSDT,93755.1,6e-05
1767631369630,BTCUSDT,93755.1,6e-05
1767631369630,BTCUSDT,93755.6,6e-05
1767631369630,BTCUSDT,93755.6,6e-05
1767631369630,BTCUSDT,93755.6,6e-05
1767631369630,BTCUSDT,93755.6,6e-05
1767631369630,BTCUSDT,93755.6,6e-05
1767631369631,BTCUSDT,93755.6,6e-05
1767631369631,BTCUSDT,93755.8,9e-05
1767631369631,BTCUSDT,93756,0.001
1767631369631,BTCUSDT,93756,2e-05
1767631369631,BTCUSDT,93756,0.00185
1767631369631,BTCUSDT,93756,0.00013
1767631369631,BTCUSDT,93756,0.0008
1767631369632,BTCUSDT,93756,6e-05
1767631369632,BTCUSDT,93756,6e-05
1767631369632,BTCUSDT,93756,6e-05
1767631369632,BTCUSDT,93756,6e-05
1767631369632,BTCUSDT,93756,6e-05
1767631369632,BTCUSDT,93756,6e-05
1767631369632,BTCUSDT,93756,6e-05
1767631369632,BTCUSDT,93756,6e-05
1767631369632,BTCUSDT,93756,6e-05
1767631369633,BTCUSDT,93756,6e-05
1767631369633,BTCUSDT,93756,6e-05
1767631369633,BTCUSDT,93756,6e-05
1767631369633,BTCUSDT,93756,6e-05
1767631369633,BTCUSDT,93756,6e-05
1767631369633,BTCUSDT,93756,6e-05
1767631369633,BTCUSDT,93756,6e-05
1767631369633,BTCUSDT,93756,6e-05
1767631369633,BTCUSDT,93756,6e-05
1767631369634,BTCUSDT,93756,6e-05
1767631369634,BTCUSDT,93756,6e-05
1767631369634,BTCUSDT,93756,6e-05
1767631369634,BTCUSDT,93756,6e-05
1767631369634,BTCUSDT,93756,6e-05
1767631369634,BTCUSDT,93756,6e-05
1767631369634,BTCUSDT,93756,6e-05
1767631369634,BTCUSDT,93756,6e-05
1767631369634,BTCUSDT,93756,6e-05
1767631369635,BTCUSDT,93756,6e-05
1767631369635,BTCUSDT,93756,6e-05
1767631369635,BTCUSDT,93756,6e-05
1767631369635,BTCUSDT,93756,6e-05
1767631369635,BTCUSDT,93756,6e-05
1767631369635,BTCUSDT,93756,6e-05
1767631369635,BTCUSDT,93756,6e-05
1767631369635,BTCUSDT,93756,6e-05
1767631369635,BTCUSDT,93756,6e-05
1767631369636,BTCUSDT,93756,6e-05
1767631369636,BTCUSDT,93756,6e-05
1767631369636,BTCUSDT,93756,6e-05
1767631369636,BTCUSDT,93756,6e-05
1767631369636,BTCUSDT,93756,6e-05
1767631369636,BTCUSDT,93756,6e-05
1767631369636,BTCUSDT,93756.2,6e-05
1767631369636,BTCUSDT,93756.2,6e-05
1767631369636,BTCUSDT,93756.2,6e-05
1767631369637,BTCUSDT,93756.2,6e-05
1767631369637,BTCUSDT,93756.2,6e-05
1767631369637,BTCUSDT,93756.2,0.00011
1767631369637,BTCUSDT,93756.6,6e-05
1767631369637,BTCUSDT,93756.6,6e-05
1767631369637,BTCUSDT,93756.6,6e-05
1767631369637,BTCUSDT,93756.6,6e-05
1767631369637,BTCUSDT,93756.6,6e-05
1767631369637,BTCUSDT,93756.7,6e-05
1767631369638,BTCUSDT,93756.8,0.02195
1767631369648,DOGEUSDT,0.14997,7
1767631369648,DOGEUSDT,0.14997,8
1767631369648,DOGEUSDT,0.14997,8
1767631369648,DOGEUSDT,0.14997,7
1767631369648,DOGEUSDT,0.14997,7
1767631369649,DOGEUSDT,0.14997,7
1767631369649,DOGEUSDT,0.14997,7
1767631369649,DOGEUSDT,0.14997,7
1767631369649,DOGEUSDT,0.14997,7
1767631369649,DOGEUSDT,0.14997,7
1767631369649,DOGEUSDT,0.14997,7
1767631369649,DOGEUSDT,0.14997,7
1767631369650,DOGEUSDT,0.14997,8
1767631369650,DOGEUSDT,0.14997,7
1767631369650,DOGEUSDT,0.14997,7
1767631369650,BTCUSDT,93756.8,0.00434
1767631369650,BTCUSDT,93756.8,6e-05
1767631369650,BTCUSDT,93756.8,0.00012
1767631369650,BTCUSDT,93756.8,6e-05
1767631369650,BTCUSDT,93756.8,6e-05
1767631369651,BTCUSDT,93756.8,6e-05
1767631369651,BTCUSDT,93756.8,6e-05
1767631369651,BTCUSDT,93756.8,6e-05
1767631369651,BTCUSDT,93756.8,6e-05
1767631369651,BTCUSDT,93756.8,6e-05
1767631369651,BTCUSDT,93756.8,6e-05
1767631369652,BTCUSDT,93756.9,6e-05
1767631369652,BTCUSDT,93756.9,6e-05
1767631369652,BTCUSDT,93756.9,6e-05
1767631369652,BTCUSDT,93756.9,6e-05
1767631369652,BTCUSDT,93757,6e-05
1767631369652,BTCUSDT,93757,6e-05
1767631369652,BTCUSDT,93757,6e-05
1767631369653,BTCUSDT,93757,6e-05
1767631369653,BTCUSDT,93757,6e-05
1767631369653,BTCUSDT,93757.2,6e-05
1767631369653,BTCUSDT,93757.2,6e-05
1767631369653,BTCUSDT,93757.2,6e-05
1767631369653,BTCUSDT,93757.2,6e-05
1767631369653,BTCUSDT,93757.2,6e-05
1767631369653,BTCUSDT,93757.2,6e-05
1767631369654,BTCUSDT,93757.2,6e-05
1767631369654,BTCUSDT,93757.2,6e-05
1767631369654,BTCUSDT,93757.2,6e-05
1767631369654,BTCUSDT,93757.2,6e-05
1767631369654,BTCUSDT,93757.2,6e-05
1767631369654,BTCUSDT,93757.3,6e-05
1767631369654,BTCUSDT,93757.3,6e-05
1767631369654,BTCUSDT,93757.3,6e-05
1767631369654,BTCUSDT,93757.3,0.02629
1767631369655,BTCUSDT,93757.3,6e-05
1767631369655,BTCUSDT,93757.3,6e-05
1767631369655,BTCUSDT,93757.3,6e-05
1767631369655,BTCUSDT,93757.3,6e-05
1767631369655,BTCUSDT,93757.3,6e-05
1767631369655,BTCUSDT,93757.6,6e-05
1767631369657,ETHUSDT,3179.77,0.0017
1767631369657,ETHUSDT,3179.77,0.0017
1767631369657,ETHUSDT,3179.77,0.0017
1767631369657,ETHUSDT,3179.77,0.0003
1767631369657,XRPUSDT,2.1817,2.5
1767631369657,XRPUSDT,2.1817,2.5
1767631369658,XRPUSDT,2.1817,2.5
1767631369658,XRPUSDT,2.1817,2.5
1767631369658,XRPUSDT,2.1817,2.5
1767631369658,XRPUSDT,2.1817,2.5
1767631369658,XRPUSDT,2.1817,2.5
1767631369658,XRPUSDT,2.1817,2.5
1767631369658,XRPUSDT,2.1817,2.5
1767631369658,XRPUSDT,2.1817,2.5
1767631369658,XRPUSDT,2.1817,2.5
1767631369659,XRPUSDT,2.1818,2.3
1767631369659,XRPUSDT,2.1818,2.5
1767631369659,XRPUSDT,2.1818,2.5
1767631369659,XRPUSDT,2.1818,2.5
1767631369659,XRPUSDT,2.1818,2.5
1767631369659,XRPUSDT,2.1819,1106.1
1767631369659,BTCUSDT,93757.6,6e-05
1767631369659,BTCUSDT,93757.6,6e-05
1767631369660,BTCUSDT,93757.6,6e-05
1767631369660,BTCUSDT,93757.6,6e-05
1767631369660,BTCUSDT,93757.6,6e-05
1767631369660,BTCUSDT,93757.6,6e-05
1767631369660,BTCUSDT,93757.6,6e-05
1767631369660,BTCUSDT,93757.6,6e-05
1767631369660,BTCUSDT,93757.6,6e-05
1767631369660,BTCUSDT,93757.6,6e-05
1767631369660,BTCUSDT,93757.6,6e-05
1767631369660,BTCUSDT,93757.6,0.00012
1767631369660,BTCUSDT,93757.6,6e-05
1767631369660,BTCUSDT,93757.6,6e-05
1767631369660,BTCUSDT,93757.6,6e-05
1767631369660,BTCUSDT,93757.6,6e-05
1767631369661,BTCUSDT,93757.6,6e-05
1767631369661,BTCUSDT,93757.6,6e-05
1767631369661,BTCUSDT,93757.6,6e-05
1767631369661,BTCUSDT,93757.6,6e-05
1767631369661,BTCUSDT,93757.6,6e-05
1767631369661,BTCUSDT,93757.6,6e-05
1767631369661,BTCUSDT,93757.6,6e-05
1767631369661,BTCUSDT,93757.6,6e-05
1767631369661,BTCUSDT,93757.6,6e-05
1767631369661,BTCUSDT,93757.6,6e-05
1767631369661,BTCUSDT,93757.6,6e-05
1767631369661,BTCUSDT,93757.6,6e-05
1767631369661,BTCUSDT,93757.6,6e-05
1767631369661,BTCUSDT,93757.6,6e-05
1767631369662,BTCUSDT,93757.6,6e-05
1767631369662,BTCUSDT,93757.6,6e-05
1767631369662,BTCUSDT,93757.6,6e-05
1767631369662,BTCUSDT,93757.6,6e-05
1767631369662,BTCUSDT,93757.6,6e-05
1767631369662,BTCUSDT,93757.6,6e-05
1767631369662,BTCUSDT,93757.6,6e-05
1767631369662,BTCUSDT,93757.6,6e-05
1767631369662,BTCUSDT,93757.6,6e-05
1767631369662,BTCUSDT,93757.6,6e-05
1767631369662,BTCUSDT,93757.6,6e-05
1767631369662,BTCUSDT,93757.6,6e-05
1767631369662,BTCUSDT,93757.6,6e-05
1767631369662,BTCUSDT,93757.6,0.00047
1767631369663,BTCUSDT,93757.6,0.00048
1767631369663,BTCUSDT,93757.6,6e-05
1767631369663,BTCUSDT,93757.6,6e-05
1767631369663,BTCUSDT,93757.6,6e-05
1767631369663,BTCUSDT,93757.6,6e-05
1767631369663,BTCUSDT,93757.6,6e-05
1767631369663,BTCUSDT,93757.6,6e-05
1767631369663,BTCUSDT,93757.6,6e-05
1767631369663,BTCUSDT,93757.6,6e-05
1767631369663,BTCUSDT,93757.6,6e-05
1767631369663,BTCUSDT,93757.6,6e-05
1767631369663,BTCUSDT,93757.6,6e-05
1767631369663,BTCUSDT,93757.6,6e-05
1767631369663,BTCUSDT,93757.6,6e-05
1767631369664,BTCUSDT,93757.6,6e-05
1767631369664,BTCUSDT,93757.6,6e-05
1767631369664,BTCUSDT,93757.6,6e-05
1767631369664,BTCUSDT,93757.6,6e-05
1767631369664,BTCUSDT,93757.6,6e-05
1767631369664,BTCUSDT,93757.9,6e-05
1767631369664,BTCUSDT,93757.9,6e-05
1767631369664,BTCUSDT,93757.9,6e-05
1767631369664,BTCUSDT,93758,0.001
1767631369664,BTCUSDT,93758,0.0008
1767631369664,BTCUSDT,93758,6e-05
1767631369664,BTCUSDT,93758,6e-05
1767631369664,BTCUSDT,93758,6e-05
1767631369664,BTCUSDT,93758,0.003
1767631369665,BTCUSDT,93758.2,6e-05
1767631369665,BTCUSDT,93758.3,6e-05
1767631369665,BTCUSDT,93758.5,6e-05
1767631369665,BTCUSDT,93758.5,6e-05
1767631369665,BTCUSDT,93758.5,6e-05
1767631369665,BTCUSDT,93758.6,6e-05
1767631369665,BTCUSDT,93758.6,6e-05
1767631369665,BTCUSDT,93758.6,6e-05
1767631369665,BTCUSDT,93758.6,0.0085
1767631369665,BTCUSDT,93758.6,6e-05
1767631369665,BTCUSDT,93758.6,6e-05
1767631369665,BTCUSDT,93759,6e-05
1767631369665,BTCUSDT,93759,6e-05
1767631369665,BTCUSDT,93759,6e-05
1767631369666,BTCUSDT,93759,6e-05
1767631369666,BTCUSDT,93759,6e-05
1767631369666,BTCUSDT,93759,6e-05
1767631369666,BTCUSDT,93759,6e-05
1767631369666,BTCUSDT,93759,6e-05
1767631369666,BTCUSDT,93759.1,6e-05
1767631369666,BTCUSDT,93759.1,6e-05
1767631369666,BTCUSDT,93759.1,6e-05
1767631369666,BTCUSDT,93760,0.04
1767631369666,BTCUSDT,93760,0.00132
1767631369666,BTCUSDT,93760,0.00868
1767631369666,BTCUSDT,93760,0.03264
1767631369666,BTCUSDT,93760,0.02671
1767631369667,BTCUSDT,93760,0.02065
1767631369667,BTCUSDT,93760,0.00607
1767631369667,BTCUSDT,93760,6e-05
1767631369667,BTCUSDT,93760,6e-05
1767631369667,BTCUSDT,93760,6e-05
1767631369667,BTCUSDT,93760,6e-05
1767631369667,BTCUSDT,93760,6e-05
1767631369667,BTCUSDT,93760,6e-05
1767631369667,BTCUSDT,93760,6e-05
1767631369667,BTCUSDT,93760,6e-05
1767631369667,BTCUSDT,93760,6e-05
1767631369667,BTCUSDT,93760,6e-05
1767631369668,BTCUSDT,93760,6e-05
1767631369668,BTCUSDT,93760,6e-05
1767631369668,BTCUSDT,93760,6e-05
1767631369668,BTCUSDT,93760,6e-05
1767631369668,BTCUSDT,93760,6e-05
1767631369668,BTCUSDT,93760,6e-05
1767631369668,BTCUSDT,93760,6e-05
1767631369668,BTCUSDT,93760,6e-05
1767631369668,BTCUSDT,93760,6e-05
1767631369668,BTCUSDT,93760,6e-05
1767631369668,BTCUSDT,93760,0.00012
1767631369668,BTCUSDT,93760,0.01
1767631369668,BTCUSDT,93760,6e-05
1767631369668,BTCUSDT,93760,6e-05
1767631369669,BTCUSDT,93760,6e-05
1767631369669,BTCUSDT,93760,6e-05
1767631369669,BTCUSDT,93760,6e-05
1767631369669,BTCUSDT,93760,6e-05
1767631369669,BTCUSDT,93760,6e-05
1767631369669,BTCUSDT,93760,6e-05
1767631369669,BTCUSDT,93760,6e-05
1767631369669,BTCUSDT,93760,6e-05
1767631369669,BTCUSDT,93760,6e-05
1767631369669,BTCUSDT,93760,6e-05
1767631369669,BTCUSDT,93760,6e-05
1767631369669,BTCUSDT,93760,6e-05
1767631369669,BTCUSDT,93760,6e-05
1767631369670,BTCUSDT,93760,6e-05
1767631369670,BTCUSDT,93760,6e-05
1767631369670,BTCUSDT,93760,6e-05
1767631369670,BTCUSDT,93760,6e-05
1767631369670,BTCUSDT,93760,6e-05
1767631369670,BTCUSDT,93760,6e-05
1767631369670,BTCUSDT,93760,6e-05
1767631369670,BTCUSDT,93760,6e-05
1767631369670,BTCUSDT,93760,6e-05
1767631369670,BTCUSDT,93760,6e-05
1767631369670,BTCUSDT,93760,0.001
1767631369670,BTCUSDT,93760,0.0008
1767631369670,BTCUSDT,93760,0.002
1767631369670,BTCUSDT,93760.1,6e-05
1767631369671,BTCUSDT,93760.1,6e-05
1767631369671,BTCUSDT,93760.1,6e-05
1767631369671,BTCUSDT,93760.1,6e-05
1767631369671,BTCUSDT,93760.1,6e-05
1767631369671,BTCUSDT,93760.1,6e-05
1767631369671,BTCUSDT,93760.1,0.01066
1767631369671,BTCUSDT,93760.1,6e-05
1767631369671,BTCUSDT,93760.1,6e-05
1767631369671,BTCUSDT,93760.3,6e-05
1767631369671,BTCUSDT,93760.3,6e-05
1767631369671,BTCUSDT,93760.3,6e-05
1767631369671,BTCUSDT,93760.8,6e-05
1767631369671,BTCUSDT,93760.8,6e-05
1767631369672,BTCUSDT,93760.8,6e-05
1767631369672,BTCUSDT,93760.9,0.02202
1767631369672,BTCUSDT,93760.9,0.00427
1767631369672,BTCUSDT,93760.9,6e-05
1767631369672,BTCUSDT,93760.9,6e-05
1767631369672,BTCUSDT,93760.9,6e-05
1767631369672,BTCUSDT,93760.9,6e-05
1767631369672,BTCUSDT,93760.9,6e-05
1767631369672,BTCUSDT,93760.9,6e-05
1767631369672,BTCUSDT,93761.9,0.00107
1767631369672,BTCUSDT,93761.9,6e-05
1767631369672,BTCUSDT,93761.9,6e-05
1767631369672,BTCUSDT,93761.9,6e-05
1767631369672,BTCUSDT,93762,0.001
1767631369673,BTCUSDT,93762,0.0008
1767631369673,BTCUSDT,93762,6e-05
1767631369673,BTCUSDT,93762,6e-05
1767631369673,BTCUSDT,93762,6e-05
1767631369673,BTCUSDT,93762.6,6e-05
1767631369673,BTCUSDT,93762.6,6e-05
1767631369673,BTCUSDT,93762.6,6e-05
1767631369673,BTCUSDT,93762.6,6e-05
1767631369673,BTCUSDT,93762.6,6e-05
1767631369674,BTCUSDT,93762.6,6e-05
1767631369674,BTCUSDT,93762.7,6e-05
1767631369674,BTCUSDT,93762.7,7e-05
1767631369674,BTCUSDT,93763.2,6e-05
1767631369674,BTCUSDT,93763.2,6e-05
1767631369674,BTCUSDT,93763.2,6e-05
1767631369674,BTCUSDT,93763.2,0.0085
1767631369674,BTCUSDT,93763.2,6e-05
1767631369674,BTCUSDT,93763.2,6e-05
1767631369674,BTCUSDT,93763.2,6e-05
1767631369674,BTCUSDT,93763.5,0.00011
1767631369674,BTCUSDT,93763.8,6e-05
1767631369674,BTCUSDT,93764,0.001
1767631369675,BTCUSDT,93764,0.002
1767631369675,BTCUSDT,93764,0.0008
1767631369675,BTCUSDT,93764,6e-05
1767631369675,BTCUSDT,93764,6e-05
1767631369675,BTCUSDT,93764,6e-05
1767631369675,BTCUSDT,93764,6e-05
1767631369675,BTCUSDT,93764,6e-05
1767631369675,BTCUSDT,93764,6e-05
1767631369675,BTCUSDT,93764.7,0.003
1767631369675,BTCUSDT,93764.7,6e-05
1767631369675,BTCUSDT,93764.7,6e-05
1767631369675,BTCUSDT,93764.7,6e-05
1767631369675,BTCUSDT,93765,6e-05
1767631369676,BTCUSDT,93765,6e-05
1767631369676,BTCUSDT,93765,6e-05
1767631369676,BTCUSDT,93765.1,8e-05
1767631369676,BTCUSDT,93766,0.001
1767631369676,BTCUSDT,93766,0.0008
1767631369676,BTCUSDT,93766,6e-05
1767631369676,BTCUSDT,93766,6e-05
1767631369676,BTCUSDT,93766,6e-05
1767631369676,BTCUSDT,93766.1,0.00011
1767631369676,BTCUSDT,93766.6,0.00107
1767631369676,BTCUSDT,93766.6,6e-05
1767631369676,BTCUSDT,93766.6,6e-05
1767631369676,BTCUSDT,93766.6,6e-05
1767631369676,BTCUSDT,93766.6,6e-05
1767631369677,BTCUSDT,93767.1,6e-05
1767631369677,BTCUSDT,93767.3,6e-05
1767631369677,BTCUSDT,93767.4,0.0025
1767631369677,BTCUSDT,93767.5,6e-05
1767631369677,BTCUSDT,93767.5,6e-05
1767631369677,BTCUSDT,93767.5,6e-05
1767631369677,BTCUSDT,93767.5,0.07361
1767631369677,BTCUSDT,93767.5,0.04819
1767631369677,BTCUSDT,93767.5,6e-05
1767631369677,BTCUSDT,93767.5,6e-05
1767631369677,BTCUSDT,93767.5,6e-05
1767631369677,BTCUSDT,93767.5,6e-05
1767631369677,BTCUSDT,93767.5,6e-05
1767631369677,BTCUSDT,93767.5,6e-05
1767631369678,BTCUSDT,93767.5,6e-05
1767631369678,BTCUSDT,93767.5,6e-05
1767631369678,BTCUSDT,93767.5,6e-05
1767631369678,BTCUSDT,93767.5,6e-05
1767631369678,BTCUSDT,93767.6,6e-05
1767631369678,BTCUSDT,93767.6,0.04214
1767631369678,BTCUSDT,93767.6,0.00233
1767631369678,BTCUSDT,93767.6,0.04653
1767631369678,BTCUSDT,93767.6,6e-05
1767631369678,BTCUSDT,93767.6,6e-05
1767631369678,BTCUSDT,93767.6,6e-05
1767631369678,BTCUSDT,93767.6,6e-05
1767631369678,BTCUSDT,93767.6,6e-05
1767631369679,BTCUSDT,93767.6,6e-05
1767631369679,BTCUSDT,93767.6,6e-05
1767631369679,BTCUSDT,93767.6,6e-05
1767631369679,BTCUSDT,93767.6,0.01962
1767631369679,BTCUSDT,93767.6,0.02146
1767631369679,BTCUSDT,93767.6,0.00229
1767631369679,BTCUSDT,93767.6,0.03887
1767631369679,BTCUSDT,93767.6,0.00236
1767631369679,BTCUSDT,93767.6,0.02929
1767631369679,BTCUSDT,93767.6,0.06316
1767631369679,BTCUSDT,93767.6,0.01297
1767631369680,BTCUSDT,93767.6,0.05813
1767631369680,BTCUSDT,93767.6,0.0044
1767631369680,BTCUSDT,93767.6,6e-05
1767631369680,BTCUSDT,93767.6,0.00359
1767631369680,BTCUSDT,93767.6,6e-05
1767631369680,BTCUSDT,93767.6,6e-05
1767631369680,BTCUSDT,93767.6,6e-05
1767631369680,BTCUSDT,93767.6,6e-05
1767631369680,BTCUSDT,93767.6,6e-05
1767631369680,BTCUSDT,93767.6,0.00012
1767631369680,BTCUSDT,93767.6,6e-05
1767631369680,BTCUSDT,93767.6,6e-05
1767631369680,BTCUSDT,93767.6,6e-05
1767631369680,BTCUSDT,93767.6,6e-05
1767631369681,BTCUSDT,93767.6,6e-05
1767631369681,BTCUSDT,93767.6,6e-05
1767631369681,BTCUSDT,93767.6,6e-05
1767631369681,BTCUSDT,93767.6,6e-05
1767631369681,BTCUSDT,93767.6,6e-05
1767631369681,BTCUSDT,93767.6,6e-05
1767631369681,BTCUSDT,93767.6,6e-05
1767631369681,BTCUSDT,93767.6,6e-05
1767631369681,BTCUSDT,93767.6,6e-05
1767631369681,BTCUSDT,93767.6,6e-05
1767631369681,BTCUSDT,93767.6,6e-05
1767631369681,BTCUSDT,93767.6,6e-05
1767631369681,BTCUSDT,93767.6,6e-05
1767631369681,BTCUSDT,93767.6,0.00997
1767631369682,BTCUSDT,93767.6,0.04989
1767631369728,DOGEUSDT,0.14998,8
1767631369728,DOGEUSDT,0.14998,66
1767631369728,DOGEUSDT,0.14998,7
1767631369728,DOGEUSDT,0.14998,7
1767631369729,DOGEUSDT,0.14998,8
1767631369729,DOGEUSDT,0.14998,8
1767631369729,DOGEUSDT,0.14998,35
1767631369729,DOGEUSDT,0.14998,7
1767631369729,DOGEUSDT,0.14998,7
1767631369729,DOGEUSDT,0.14998,7
1767631369729,DOGEUSDT,0.14998,7
1767631369729,DOGEUSDT,0.14998,7
1767631369729,DOGEUSDT,0.14998,7
1767631369730,DOGEUSDT,0.14998,35
1767631369730,DOGEUSDT,0.14998,7
1767631369730,DOGEUSDT,0.14998,8
1767631369730,DOGEUSDT,0.14998,7
1767631369730,DOGEUSDT,0.14998,7
1767631369730,DOGEUSDT,0.14998,7
1767631369730,DOGEUSDT,0.14998,7
1767631369730,BTCUSDT,93767.6,0.00052
1767631369731,DOGEUSDT,0.14999,66
1767631369731,DOGEUSDT,0.14999,41
1767631369731,DOGEUSDT,0.14999,50
1767631369731,DOGEUSDT,0.14999,10
1767631369731,DOGEUSDT,0.14999,7
1767631369731,DOGEUSDT,0.14999,7
1767631369731,DOGEUSDT,0.14999,8
1767631369731,DOGEUSDT,0.14999,8
1767631369731,DOGEUSDT,0.14999,7
1767631369732,DOGEUSDT,0.14999,7
1767631369732,DOGEUSDT,0.14999,7
1767631369732,DOGEUSDT,0.14999,7
1767631369732,DOGEUSDT,0.14999,7
1767631369732,DOGEUSDT,0.14999,7
1767631369732,DOGEUSDT,0.14999,35
1767631369732,DOGEUSDT,0.14999,7
1767631369733,DOGEUSDT,0.14999,8
1767631369733,DOGEUSDT,0.14999,7
1767631369733,BTCUSDT,93767.6,0.0379
1767631369733,DOGEUSDT,0.14999,7
1767631369733,DOGEUSDT,0.14999,7
1767631369733,DOGEUSDT,0.14999,8
1767631369734,DOGEUSDT,0.14999,35
1767631369734,DOGEUSDT,0.14999,7
1767631369734,DOGEUSDT,0.14999,7
1767631369734,DOGEUSDT,0.14999,7
1767631369734,DOGEUSDT,0.14999,7
1767631369734,DOGEUSDT,0.14999,7
1767631369734,DOGEUSDT,0.14999,7
1767631369734,DOGEUSDT,0.14999,7
1767631369735,DOGEUSDT,0.14999,8
1767631369735,DOGEUSDT,0.14999,8
1767631369735,DOGEUSDT,0.14999,8
1767631369737,BTCUSDT,93767.6,0.00216
1767631369737,LTCUSDT,83,1.062
1767631369743,BTCUSDT,93767.6,0.00012
1767631369743,BTCUSDT,93767.6,6e-05
1767631369744,BTCUSDT,93767.6,6e-05
1767631369744,BTCUSDT,93767.6,6e-05
1767631369744,BTCUSDT,93767.6,6e-05
1767631369744,BTCUSDT,93767.6,6e-05
1767631369744,BTCUSDT,93767.6,0.00012
1767631369744,BTCUSDT,93767.6,6e-05
1767631369744,BTCUSDT,93767.6,0.00012
1767631369744,BTCUSDT,93767.6,6e-05
1767631369744,BTCUSDT,93767.6,0.00873
1767631369762,XRPUSDT,2.1819,2.5
1767631369762,XRPUSDT,2.1819,4.6
1767631369762,XRPUSDT,2.1819,2.5
1767631369762,XRPUSDT,2.1819,2.5
1767631369762,XRPUSDT,2.1819,2.5
1767631369762,XRPUSDT,2.1819,2.5
1767631369762,XRPUSDT,2.1819,2.5
1767631369762,XRPUSDT,2.1819,2.4
1767631369762,XRPUSDT,2.1819,2.4
1767631369763,XRPUSDT,2.1819,2.4
1767631369763,XRPUSDT,2.1819,2.5
1767631369763,XRPUSDT,2.1819,2.5
1767631369779,DOGEUSDT,0.15,7
1767631369779,DOGEUSDT,0.15,8
1767631369779,DOGEUSDT,0.15,7
1767631369779,DOGEUSDT,0.15,7
1767631369780,DOGEUSDT,0.15,8
1767631369780,DOGEUSDT,0.15,8
1767631369780,DOGEUSDT,0.15,7
1767631369780,DOGEUSDT,0.15,7
1767631369780,DOGEUSDT,0.15,35
1767631369780,DOGEUSDT,0.15,7
1767631369780,DOGEUSDT,0.15,7
1767631369780,DOGEUSDT,0.15,7
1767631369780,DOGEUSDT,0.15,7
1767631369781,DOGEUSDT,0.15,7
1767631369781,DOGEUSDT,0.15,35
1767631369781,DOGEUSDT,0.15,8
1767631369781,DOGEUSDT,0.15,7
1767631369781,DOGEUSDT,0.15,7
1767631369781,DOGEUSDT,0.15,7
1767631369781,DOGEUSDT,0.15,7
1767631369794,BTCUSDT,93767.6,0.01925
1767631369835,SOLUSDT,135.24,0.075
1767631369835,SOLUSDT,135.24,0.71
1767631369835,SOLUSDT,135.24,0.041
1767631369835,SOLUSDT,135.24,0.039
1767631369835,SOLUSDT,135.24,0.039
1767631369836,SOLUSDT,135.24,0.039
1767631369836,SOLUSDT,135.24,0.038
1767631369836,SOLUSDT,135.24,0.039
1767631369836,SOLUSDT,135.24,0.039
1767631369836,SOLUSDT,135.24,0.039
1767631369837,SOLUSDT,135.24,0.075
1767631369837,SOLUSDT,135.24,0.037
1767631369837,SOLUSDT,135.24,11.95
1767631369837,SOLUSDT,135.24,13.05
1767631369837,SOLUSDT,135.24,0.038
1767631369838,SOLUSDT,135.24,0.038
1767631369838,SOLUSDT,135.24,25
1767631369838,SOLUSDT,135.24,0.039
1767631369838,SOLUSDT,135.24,0.039
1767631369840,SOLUSDT,135.25,0.075
1767631369840,SOLUSDT,135.25,0.037
1767631369840,SOLUSDT,135.25,0.039
1767631369840,SOLUSDT,135.25,0.039
1767631369840,SOLUSDT,135.25,0.039
1767631369841,SOLUSDT,135.25,0.037
1767631369841,SOLUSDT,135.25,0.039
1767631369841,SOLUSDT,135.25,0.039
1767631369841,SOLUSDT,135.25,0.039
1767631369841,SOLUSDT,135.25,0.038
1767631369842,SOLUSDT,135.25,0.038
1767631369842,SOLUSDT,135.25,0.039
1767631369842,SOLUSDT,135.25,0.039
1767631369900,BTCUSDT,93767.6,0.00535
1767631370024,SOLUSDT,135.26,0.036
1767631370114,ETHUSDT,3179.78,0.0026
1767631370114,ETHUSDT,3179.78,0.0026
1767631370114,ETHUSDT,3179.78,0.0026
1767631370114,ETHUSDT,3179.78,0.0026
1767631370115,ETHUSDT,3179.78,0.0026
1767631370115,ETHUSDT,3179.78,0.0026
1767631370115,ETHUSDT,3179.78,0.0026
1767631370115,ETHUSDT,3179.78,0.0026
1767631370115,ETHUSDT,3179.78,0.0033
1767631370116,ETHUSDT,3179.78,0.0037
1767631370131,ETHUSDT,3179.77,0.0023
1767631370131,ETHUSDT,3179.77,0.001
1767631370162,XRPUSDT,2.182,2.5
1767631370162,XRPUSDT,2.182,2.5
1767631370162,XRPUSDT,2.182,2.5
1767631370162,XRPUSDT,2.182,0.3
1767631370243,ETHUSDT,3179.78,0.0024
1767631370243,ETHUSDT,3179.78,0.0026
1767631370243,ETHUSDT,3179.78,0.0026
1767631370243,ETHUSDT,3179.78,0.0026
1767631370243,ETHUSDT,3179.78,0.0026
1767631370244,ETHUSDT,3179.78,0.0026
1767631370244,ETHUSDT,3179.78,0.0033
1767631370244,ETHUSDT,3179.78,0.0026
1767631370244,ETHUSDT,3179.78,0.0026
1767631370244,ETHUSDT,3179.78,0.0026
1767631370245,ETHUSDT,3179.78,0.0026
1767631370245,ETHUSDT,3179.78,0.0026
1767631370245,ETHUSDT,3179.78,0.0026
1767631370245,ETHUSDT,3179.78,0.0026
1767631370245,ETHUSDT,3179.78,0.0033
1767631370246,ETHUSDT,3179.78,0.0026
1767631370246,ETHUSDT,3179.78,0.0017
1767631370246,ETHUSDT,3179.78,0.0033
1767631370246,ETHUSDT,3179.78,0.0017
1767631370246,ETHUSDT,3179.78,0.0985
1767631370247,ETHUSDT,3179.78,0.0026
1767631370247,ETHUSDT,3179.78,0.0026
1767631370247,ETHUSDT,3179.78,0.0017
1767631370247,ETHUSDT,3179.78,0.0017
1767631370247,ETHUSDT,3179.78,0.0017
1767631370248,ETHUSDT,3179.78,0.0017
1767631370248,ETHUSDT,3179.78,0.0017
1767631370248,ETHUSDT,3179.78,0.0017
1767631370248,ETHUSDT,3179.78,0.0017
1767631370248,ETHUSDT,3179.78,0.0017
1767631370249,ETHUSDT,3179.78,0.0017
1767631370249,ETHUSDT,3179.78,0.0017
1767631370249,ETHUSDT,3179.78,0.0017
1767631370249,ETHUSDT,3179.78,0.0017
1767631370249,ETHUSDT,3179.78,0.0026
1767631370250,ETHUSDT,3179.78,0.0026
1767631370250,ETHUSDT,3179.78,0.0026
1767631370250,ETHUSDT,3179.78,0.0026
1767631370250,ETHUSDT,3179.78,0.0026
1767631370250,ETHUSDT,3179.78,0.0026
1767631370251,ETHUSDT,3179.78,0.0026
1767631370251,ETHUSDT,3179.78,0.0026
1767631370251,ETHUSDT,3179.78,0.0026
1767631370251,ETHUSDT,3179.78,0.0017
1767631370251,ETHUSDT,3179.78,0.0017
1767631370252,ETHUSDT,3179.78,0.0017
1767631370252,ETHUSDT,3179.78,0.0017
1767631370252,ETHUSDT,3179.78,0.0017
1767631370252,ETHUSDT,3179.78,0.0017
1767631370252,ETHUSDT,3179.79,0.0017
1767631370253,ETHUSDT,3179.79,0.0017
1767631370253,ETHUSDT,3179.79,0.0017
1767631370253,ETHUSDT,3179.79,0.0017
1767631370253,ETHUSDT,3179.79,0.0017
1767631370253,ETHUSDT,3179.79,0.0017
1767631370254,ETHUSDT,3179.79,0.0017
1767631370254,ETHUSDT,3179.79,0.0017
1767631370254,ETHUSDT,3179.8,0.0017
1767631370254,ETHUSDT,3179.82,0.0017
1767631370255,ETHUSDT,3179.82,0.0017
1767631370255,ETHUSDT,3179.82,0.0017
1767631370255,ETHUSDT,3179.82,0.0026
1767631370255,ETHUSDT,3179.82,0.0017
1767631370255,ETHUSDT,3179.82,0.0017
1767631370256,ETHUSDT,3179.82,0.0017
1767631370256,ETHUSDT,3179.83,0.0017
1767631370256,ETHUSDT,3179.83,0.0017
1767631370256,ETHUSDT,3179.83,0.0017
1767631370257,ETHUSDT,3179.83,0.0017
1767631370257,ETHUSDT,3179.83,0.0017
1767631370257,ETHUSDT,3179.83,0.0017
1767631370257,ETHUSDT,3179.83,0.0017
1767631370257,ETHUSDT,3179.83,0.0017
1767631370258,ETHUSDT,3179.83,0.0017
1767631370258,ETHUSDT,3179.83,0.0017
1767631370258,ETHUSDT,3179.83,0.0017
1767631370258,ETHUSDT,3179.83,0.0017
1767631370258,ETHUSDT,3179.83,0.0017
1767631370259,ETHUSDT,3179.83,0.0017
1767631370259,ETHUSDT,3179.83,0.0017
1767631370259,ETHUSDT,3179.83,0.0017
1767631370259,ETHUSDT,3179.85,0.0016
1767631370259,ETHUSDT,3179.85,0.0017
1767631370260,ETHUSDT,3179.87,0.0017
1767631370260,ETHUSDT,3179.88,0.0017
1767631370260,ETHUSDT,3179.88,0.0033
1767631370260,ETHUSDT,3179.88,0.0017
1767631370260,ETHUSDT,3179.88,0.0017
1767631370261,ETHUSDT,3179.88,0.0017
1767631370261,BTCUSDT,93767.6,0.00235
1767631370319,ETHUSDT,3179.89,0.0944
1767631370320,DOGEUSDT,0.15001,66
1767631370320,DOGEUSDT,0.15001,7
1767631370320,DOGEUSDT,0.15001,7
1767631370320,DOGEUSDT,0.15001,8
1767631370321,DOGEUSDT,0.15001,8
1767631370321,DOGEUSDT,0.15001,35
1767631370321,DOGEUSDT,0.15001,7
1767631370321,DOGEUSDT,0.15001,7
1767631370321,DOGEUSDT,0.15001,7
1767631370322,DOGEUSDT,0.15001,7
1767631370322,DOGEUSDT,0.15001,7
1767631370322,DOGEUSDT,0.15001,7
1767631370322,DOGEUSDT,0.15001,30
1767631370322,DOGEUSDT,0.15001,35
1767631370322,DOGEUSDT,0.15001,7
1767631370323,DOGEUSDT,0.15001,35
1767631370323,DOGEUSDT,0.15001,8
1767631370323,DOGEUSDT,0.15001,7
1767631370323,DOGEUSDT,0.15001,7
1767631370323,DOGEUSDT,0.15001,7
1767631370324,DOGEUSDT,0.15001,7
1767631370324,ETHUSDT,3179.89,0.0629
1767631370325,ETHUSDT,3179.89,0.0314
1767631370337,ETHUSDT,3179.89,0.0175
1767631370338,ETHUSDT,3179.89,0.0031
1767631370338,ETHUSDT,3179.89,0.0017
1767631370339,ETHUSDT,3179.89,0.0017
1767631370339,ETHUSDT,3179.89,0.0017
1767631370339,ETHUSDT,3179.89,0.0017
1767631370339,ETHUSDT,3179.89,0.0017
1767631370339,ETHUSDT,3179.89,0.0026
1767631370340,ETHUSDT,3179.89,0.0017
1767631370340,ETHUSDT,3179.89,0.0017
1767631370340,ETHUSDT,3179.89,0.0026
1767631370340,ETHUSDT,3179.89,0.0017
1767631370340,ETHUSDT,3179.89,0.0017
1767631370341,ETHUSDT,3179.89,0.0017
1767631370341,ETHUSDT,3179.89,0.0017
1767631370341,ETHUSDT,3179.89,0.0017
1767631370341,ETHUSDT,3179.89,0.0026
1767631370341,ETHUSDT,3179.89,0.0017
1767631370342,ETHUSDT,3179.89,0.0017
1767631370342,ETHUSDT,3179.89,0.0026
1767631370342,ETHUSDT,3179.89,0.0026
1767631370342,ETHUSDT,3179.89,0.0017
1767631370342,ETHUSDT,3179.89,0.0026
1767631370343,ETHUSDT,3179.89,0.0026
1767631370343,ETHUSDT,3179.89,0.0026
1767631370343,ETHUSDT,3179.89,0.0026
1767631370343,ETHUSDT,3179.89,0.0026
1767631370344,ETHUSDT,3179.89,0.0026
1767631370344,ETHUSDT,3179.89,0.0033
1767631370344,ETHUSDT,3179.89,0.0026
1767631370344,ETHUSDT,3179.89,0.0017
1767631370344,ETHUSDT,3179.89,0.0017
1767631370345,ETHUSDT,3179.89,0.0026
1767631370395,BTCUSDT,93767.6,0.06069
1767631370395,BTCUSDT,93767.6,6e-05
1767631370395,BTCUSDT,93767.6,6e-05
1767631370395,BTCUSDT,93767.6,6e-05
1767631370396,BTCUSDT,93767.6,6e-05
1767631370396,BTCUSDT,93767.6,0.00011
1767631370396,BTCUSDT,93767.6,6e-05
1767631370396,BTCUSDT,93767.6,6e-05
1767631370396,BTCUSDT,93767.6,6e-05
1767631370397,BTCUSDT,93767.6,6e-05
1767631370397,BTCUSDT,93767.6,6e-05
1767631370397,BTCUSDT,93767.6,6e-05
1767631370397,BTCUSDT,93767.6,6e-05
1767631370397,BTCUSDT,93767.6,0.00012
1767631370398,BTCUSDT,93767.6,0.00012
1767631370398,BTCUSDT,93767.6,0.00984
1767631370462,XRPUSDT,2.182,2.2
1767631370462,XRPUSDT,2.182,2.5
1767631370462,XRPUSDT,2.182,2.4
1767631370462,XRPUSDT,2.182,2.5
1767631370462,XRPUSDT,2.182,2.4
1767631370463,XRPUSDT,2.182,26.9
1767631370463,XRPUSDT,2.182,5.8
1767631370463,XRPUSDT,2.182,2.5
1767631370463,XRPUSDT,2.182,2.5
1767631370463,XRPUSDT,2.182,2.5
1767631370464,XRPUSDT,2.182,2.4
1767631370464,XRPUSDT,2.182,2.5
1767631370464,XRPUSDT,2.182,2.5
1767631370513,BTCUSDT,93767.6,0.00095
1767631370524,BTCUSDT,93767.6,0.00379
1767631370593,BTCUSDT,93767.6,0.00018
1767631370616,DOGEUSDT,0.15002,66
1767631370616,DOGEUSDT,0.15002,11
1767631370616,DOGEUSDT,0.15002,8
1767631370617,DOGEUSDT,0.15002,7
1767631370617,DOGEUSDT,0.15002,7
1767631370617,DOGEUSDT,0.15002,8
1767631370617,DOGEUSDT,0.15002,8
1767631370617,DOGEUSDT,0.15002,7
1767631370618,DOGEUSDT,0.15002,7
1767631370618,DOGEUSDT,0.15002,35
1767631370618,DOGEUSDT,0.15002,7
1767631370618,DOGEUSDT,0.15002,7
1767631370618,DOGEUSDT,0.15002,7
1767631370618,DOGEUSDT,0.15002,7
1767631370619,DOGEUSDT,0.15002,7
1767631370619,DOGEUSDT,0.15002,35
1767631370619,DOGEUSDT,0.15002,8
1767631370619,DOGEUSDT,0.15002,7
1767631370619,DOGEUSDT,0.15002,7
1767631370620,DOGEUSDT,0.15002,7
1767631370620,DOGEUSDT,0.15002,7
1767631370626,ADAUSDT,0.4128,12.2
1767631370626,ADAUSDT,0.4128,46.2
1767631370629,BTCUSDT,93767.6,0.00022
1767631370664,ETHUSDT,3179.9,0.0017
1767631370665,ETHUSDT,3179.9,0.0017
1767631370665,ETHUSDT,3179.9,0.0017
1767631370665,ETHUSDT,3179.9,0.0017
1767631370665,ETHUSDT,3179.9,0.0017
1767631370666,ETHUSDT,3179.9,0.0017
1767631370666,ETHUSDT,3179.9,0.0017
1767631370666,ETHUSDT,3179.9,0.0017
1767631370666,ETHUSDT,3179.9,0.0017
1767631370666,ETHUSDT,3179.9,0.0017
1767631370667,ETHUSDT,3179.9,0.0017
1767631370667,ETHUSDT,3179.9,0.0017
1767631370667,ETHUSDT,3179.9,0.0026
1767631370667,ETHUSDT,3179.9,0.0026
1767631370667,ETHUSDT,3179.9,0.0026
1767631370668,ETHUSDT,3179.9,0.0017
1767631370668,ETHUSDT,3179.9,0.0026
1767631370668,ETHUSDT,3179.9,0.0026
1767631370668,ETHUSDT,3179.9,0.0017
1767631370668,ETHUSDT,3179.9,0.0017
1767631370669,ETHUSDT,3179.9,0.0017
1767631370669,ETHUSDT,3179.9,0.0017
1767631370669,ETHUSDT,3179.9,0.0026
1767631370669,ETHUSDT,3179.9,0.0026
1767631370670,ETHUSDT,3179.9,0.0033
1767631370670,ETHUSDT,3179.9,0.0026
1767631370670,ETHUSDT,3179.9,0.0017
1767631370670,ETHUSDT,3179.9,0.0017
1767631370670,ETHUSDT,3179.9,0.0017
1767631370671,ETHUSDT,3179.9,0.0017
1767631370671,ETHUSDT,3179.9,0.0017
1767631370671,ETHUSDT,3179.9,0.0026
1767631370671,ETHUSDT,3179.9,0.0017
1767631370671,ETHUSDT,3179.9,0.0026
1767631370672,ETHUSDT,3179.9,0.0026
1767631370672,ETHUSDT,3179.9,0.0026
1767631370672,ETHUSDT,3179.9,0.0026
1767631370672,ETHUSDT,3179.9,0.0017
1767631370672,ETHUSDT,3179.9,0.0017
1767631370673,ETHUSDT,3179.9,0.0017
1767631370673,ETHUSDT,3179.9,0.0026
1767631370673,ETHUSDT,3179.9,0.0016
1767631370673,ETHUSDT,3179.9,0.0017
1767631370674,ETHUSDT,3179.9,0.0017
1767631370674,ETHUSDT,3179.9,0.0017
1767631370693,BTCUSDT,93767.6,0.00017
1767631370693,DOGEUSDT,0.15003,50
1767631370693,DOGEUSDT,0.15003,7
1767631370694,DOGEUSDT,0.15003,7
1767631370694,DOGEUSDT,0.15003,8
1767631370694,DOGEUSDT,0.15003,8
1767631370694,DOGEUSDT,0.15003,66
1767631370694,DOGEUSDT,0.15003,7
1767631370695,DOGEUSDT,0.15003,35
1767631370695,DOGEUSDT,0.15003,7
1767631370695,DOGEUSDT,0.15003,7
1767631370695,DOGEUSDT,0.15003,7
1767631370695,DOGEUSDT,0.15003,7
1767631370696,DOGEUSDT,0.15003,7
1767631370696,DOGEUSDT,0.15003,7
1767631370696,DOGEUSDT,0.15003,35
1767631370696,DOGEUSDT,0.15003,8
1767631370696,DOGEUSDT,0.15003,7
1767631370697,DOGEUSDT,0.15003,7
1767631370697,DOGEUSDT,0.15003,7
1767631370697,DOGEUSDT,0.15003,7
1767631370697,BTCUSDT,93767.6,0.00903
1767631370730,DOGEUSDT,0.15004,10
1767631370730,DOGEUSDT,0.15004,66
1767631370730,DOGEUSDT,0.15004,35
1767631370740,BTCUSDT,93767.6,0.00021
1767631370754,BTCUSDT,93767.6,0.00194
1767631370770,BTCUSDT,93767.6,0.03037
1767631370800,BTCUSDT,93767.6,0.00806
1767631370801,BTCUSDT,93767.6,0.06081
1767631370801,BNBUSDT,904.87,0.009
1767631370803,BTCUSDT,93767.6,0.00317
1767631370804,BTCUSDT,93767.6,6e-05
1767631370804,BTCUSDT,93767.6,6e-05
1767631370804,BTCUSDT,93767.6,6e-05
1767631370805,BTCUSDT,93767.6,6e-05
1767631370805,BTCUSDT,93767.6,6e-05
1767631370805,BTCUSDT,93767.6,6e-05
1767631370806,BTCUSDT,93767.6,6e-05
1767631370806,BTCUSDT,93767.6,6e-05
1767631370806,BTCUSDT,93767.6,6e-05
1767631370807,BTCUSDT,93767.6,0.00012
1767631370807,BTCUSDT,93767.6,0.00012
1767631370807,BTCUSDT,93767.6,6e-05
1767631370808,BTCUSDT,93767.6,6e-05
1767631370808,BTCUSDT,93767.6,6e-05
1767631370808,BTCUSDT,93767.6,6e-05
1767631370809,BTCUSDT,93767.6,6e-05
1767631370809,BTCUSDT,93767.6,6e-05
1767631370809,BTCUSDT,93767.6,6e-05
1767631370810,BTCUSDT,93767.6,6e-05
1767631370810,BTCUSDT,93767.6,6e-05
1767631370810,BTCUSDT,93767.6,6e-05
1767631370811,BTCUSDT,93767.6,6e-05
1767631370811,BTCUSDT,93767.6,6e-05
1767631370811,BTCUSDT,93767.6,6e-05
1767631370812,BTCUSDT,93767.6,6e-05
1767631370812,BTCUSDT,93767.6,6e-05
1767631370812,BTCUSDT,93767.6,6e-05
1767631370813,BTCUSDT,93767.6,6e-05
1767631370813,BTCUSDT,93767.6,6e-05
1767631370813,BTCUSDT,93767.6,6e-05
1767631370814,BTCUSDT,93767.6,6e-05
1767631370814,BTCUSDT,93767.6,6e-05
1767631370815,BTCUSDT,93767.6,6e-05
1767631370815,BTCUSDT,93767.6,6e-05
1767631370815,BTCUSDT,93767.6,6e-05
1767631370816,BTCUSDT,93767.6,6e-05
1767631370816,BTCUSDT,93767.6,0.01581
1767631370816,BTCUSDT,93767.6,6e-05
1767631370817,BTCUSDT,93767.6,6e-05
1767631370817,BTCUSDT,93767.6,6e-05
1767631370817,BTCUSDT,93768,0.001
1767631370818,BTCUSDT,93768,0.002
1767631370818,BTCUSDT,93768,0.00056
1767631370827,BTCUSDT,93768,0.00024
1767631370827,BTCUSDT,93768,6e-05
1767631370827,BTCUSDT,93768,6e-05
1767631370827,BTCUSDT,93768,6e-05
1767631370827,BTCUSDT,93768,6e-05
1767631370828,BTCUSDT,93768,6e-05
1767631370828,BTCUSDT,93768,6e-05
1767631370828,BTCUSDT,93768,6e-05
1767631370828,BTCUSDT,93768,6e-05
1767631370828,BTCUSDT,93768,6e-05
1767631370829,BTCUSDT,93768,6e-05
1767631370829,BTCUSDT,93768,6e-05
1767631370829,BTCUSDT,93768,6e-05
1767631370829,BTCUSDT,93768,6e-05
1767631370829,BTCUSDT,93768,6e-05
1767631370830,BTCUSDT,93768,6e-05
1767631370830,BTCUSDT,93768,6e-05
1767631370830,BTCUSDT,93768,6e-05
1767631370830,BTCUSDT,93768,0.00012
1767631370830,BTCUSDT,93768,6e-05
1767631370831,BTCUSDT,93768,6e-05
1767631370831,BTCUSDT,93768,6e-05
1767631370831,BTCUSDT,93768,6e-05
1767631370831,BTCUSDT,93768,6e-05
1767631370831,BTCUSDT,93768,6e-05
1767631370832,BTCUSDT,93768,6e-05
1767631370832,BTCUSDT,93768,6e-05
1767631370832,BTCUSDT,93768,6e-05
1767631370832,BTCUSDT,93768,6e-05
1767631370832,BTCUSDT,93768,6e-05
1767631370833,BTCUSDT,93768,6e-05
1767631370833,BTCUSDT,93768,6e-05
1767631370833,BTCUSDT,93768,6e-05
1767631370833,BTCUSDT,93768,6e-05
1767631370834,BTCUSDT,93768,6e-05
1767631370834,BTCUSDT,93768,6e-05
1767631370834,BTCUSDT,93768,6e-05
1767631370835,BTCUSDT,93768,6e-05
1767631370835,BTCUSDT,93768,6e-05
1767631370835,BTCUSDT,93768,6e-05
1767631370835,BTCUSDT,93768,6e-05
1767631370835,BTCUSDT,93768,6e-05
1767631370835,BTCUSDT,93768,6e-05
1767631370835,BTCUSDT,93768.1,7e-05
1767631370835,BTCUSDT,93768.1,0.0005
1767631370836,BTCUSDT,93768.1,0.001
1767631370836,BTCUSDT,93768.1,0.0005
1767631370836,BTCUSDT,93769,6e-05
1767631370836,BTCUSDT,93769.4,6e-05
1767631370836,BTCUSDT,93769.7,6e-05
1767631370836,BTCUSDT,93769.7,6e-05
1767631370836,BTCUSDT,93769.7,6e-05
1767631370836,BTCUSDT,93770,0.001
1767631370837,BTCUSDT,93770,0.0008
1767631370837,BTCUSDT,93770.5,6e-05
1767631370837,BTCUSDT,93770.5,6e-05
1767631370837,BTCUSDT,93770.5,6e-05
1767631370837,BTCUSDT,93770.6,6e-05
1767631370837,BTCUSDT,93771.1,6e-05
1767631370837,BTCUSDT,93771.1,6e-05
1767631370837,BTCUSDT,93771.1,6e-05
1767631370838,BTCUSDT,93771.1,6e-05
1767631370838,BTCUSDT,93771.1,0.01066
1767631370838,BTCUSDT,93771.1,6e-05
1767631370838,BTCUSDT,93771.1,6e-05
1767631370838,BTCUSDT,93771.2,6e-05
1767631370838,BTCUSDT,93771.2,6e-05
1767631370838,BTCUSDT,93771.2,6e-05
1767631370838,BTCUSDT,93771.3,0.003
1767631370839,BTCUSDT,93771.5,6e-05
1767631370839,BTCUSDT,93771.8,6e-05
1767631370839,BTCUSDT,93771.8,6e-05
1767631370839,BTCUSDT,93771.8,6e-05
1767631370839,BTCUSDT,93771.8,6e-05
1767631370839,BTCUSDT,93772,0.001
1767631370839,BTCUSDT,93772,0.002
1767631370839,BTCUSDT,93772,0.0008
1767631370840,BTCUSDT,93772,6e-05
1767631370840,BTCUSDT,93772,6e-05
1767631370840,BTCUSDT,93772,6e-05
1767631370840,BTCUSDT,93772.2,6e-05
1767631370840,BTCUSDT,93772.3,6e-05
1767631370840,BTCUSDT,93772.3,6e-05
1767631370840,BTCUSDT,93772.3,6e-05
1767631370867,ETHUSDT,3179.91,0.0017
1767631370867,ETHUSDT,3179.91,0.0017
1767631370867,ETHUSDT,3179.91,0.0017
1767631370867,ETHUSDT,3179.91,0.0017
1767631370867,ETHUSDT,3179.91,0.0017
1767631370868,ETHUSDT,3179.91,0.0017
1767631370868,ETHUSDT,3179.91,0.0017
1767631370868,ETHUSDT,3179.91,0.0017
1767631370868,ETHUSDT,3179.91,0.0017
1767631370868,ETHUSDT,3179.91,0.0017
1767631370868,ETHUSDT,3179.91,0.0017
1767631370868,ETHUSDT,3179.91,0.0017
1767631370868,ETHUSDT,3179.91,0.0017
1767631370868,ETHUSDT,3179.91,0.0017
1767631370868,ETHUSDT,3179.91,0.0017
1767631370868,ETHUSDT,3179.91,0.0017
1767631370869,ETHUSDT,3179.91,0.0017
1767631370869,ETHUSDT,3179.91,0.0026
1767631370869,ETHUSDT,3179.91,0.0026
1767631370869,ETHUSDT,3179.91,0.0026
1767631370869,ETHUSDT,3179.91,0.0017
1767631370869,ETHUSDT,3179.91,0.0026
1767631370869,ETHUSDT,3179.91,0.0026
1767631370869,ETHUSDT,3179.91,0.0026
1767631370869,ETHUSDT,3179.91,0.0026
1767631370869,ETHUSDT,3179.91,0.0026
1767631370869,ETHUSDT,3179.91,0.0026
1767631370869,ETHUSDT,3179.91,0.0026
1767631370869,ETHUSDT,3179.91,0.0026
1767631370870,ETHUSDT,3179.91,0.0017
1767631370870,ETHUSDT,3179.91,0.0026
1767631370870,ETHUSDT,3179.91,0.0017
1767631370870,ETHUSDT,3179.91,0.0026
1767631370870,ETHUSDT,3179.91,0.0033
1767631370870,ETHUSDT,3179.91,0.0017
1767631370870,ETHUSDT,3179.91,0.0017
1767631370870,ETHUSDT,3179.91,0.0017
1767631370870,ETHUSDT,3179.91,0.0017
1767631370870,ETHUSDT,3179.91,0.0017
1767631370870,ETHUSDT,3179.91,0.0017
1767631370870,ETHUSDT,3179.91,0.0017
1767631370870,ETHUSDT,3179.91,0.0026
1767631370871,ETHUSDT,3179.91,0.0017
1767631370871,ETHUSDT,3179.91,0.0017
1767631370871,ETHUSDT,3179.91,0.0026
1767631370871,ETHUSDT,3179.92,0.0017
1767631370872,ETHUSDT,3179.92,0.0017
1767631370872,ETHUSDT,3179.92,0.0017
1767631370872,ETHUSDT,3179.92,0.0017
1767631370872,ETHUSDT,3179.92,0.0017
1767631370872,ETHUSDT,3179.92,0.0017
1767631370872,ETHUSDT,3179.92,0.0017
1767631370872,ETHUSDT,3179.92,0.0017
1767631370872,ETHUSDT,3179.92,0.0017
1767631370872,ETHUSDT,3179.92,0.0017
1767631370872,ETHUSDT,3179.92,0.0017
1767631370872,ETHUSDT,3179.92,0.0017
1767631370872,ETHUSDT,3179.92,0.0017
1767631370873,ETHUSDT,3179.92,0.0026
1767631370873,ETHUSDT,3179.92,0.0017
1767631370873,ETHUSDT,3179.92,0.0017
1767631370873,ETHUSDT,3179.92,0.0026
1767631370873,ETHUSDT,3179.92,0.0017
1767631370873,ETHUSDT,3179.92,0.0017
1767631370873,ETHUSDT,3179.92,0.0026
1767631370873,ETHUSDT,3179.92,0.0026
1767631370873,ETHUSDT,3179.92,0.0017
1767631370873,ETHUSDT,3179.92,0.0026
1767631370873,ETHUSDT,3179.92,0.0026
1767631370873,ETHUSDT,3179.92,0.0026
1767631370874,ETHUSDT,3179.92,0.0017
1767631370874,ETHUSDT,3179.93,0.0017
1767631370874,ETHUSDT,3179.93,0.0017
1767631370874,ETHUSDT,3179.93,0.0017
1767631370874,ETHUSDT,3179.93,0.0017
1767631370874,ETHUSDT,3179.93,0.0017
1767631370874,ETHUSDT,3179.93,0.0017
1767631370874,ETHUSDT,3179.93,0.0017
1767631370874,ETHUSDT,3179.93,0.0017
1767631370874,ETHUSDT,3179.93,0.0017
1767631370874,ETHUSDT,3179.93,0.0017
1767631370874,ETHUSDT,3179.93,0.0017
1767631370874,ETHUSDT,3179.93,0.0017
1767631370875,ETHUSDT,3179.93,0.0017
1767631370875,ETHUSDT,3179.93,0.0017
1767631370875,ETHUSDT,3179.93,0.0017
1767631370875,DOGEUSDT,0.15004,2028
1767631370875,DOGEUSDT,0.15004,17931
1767631370875,DOGEUSDT,0.15004,8
1767631370875,DOGEUSDT,0.15004,7
1767631370875,DOGEUSDT,0.15004,7
1767631370875,DOGEUSDT,0.15004,8
1767631370875,DOGEUSDT,0.15004,8
1767631370875,DOGEUSDT,0.15004,35
1767631370875,DOGEUSDT,0.15004,7
